1638 2620
79 1031 209 1058 legionum
225 1037 267 1052 aei

79 1064 221 1082 struantur.

221 46 278 88 48
737 47 817 82 Lib.
844 46 888 92 11,
917 51 971 83 14.
1001 51 1054 83 15.

222 146 396 184 omnium
429 146 674 184 defricentur
706 158 750 184 ac
784 145 1031 198 splendeant3
1064 146 1244 185 similiter
1274 146 1477 198 eligendus
1510 153 1570 187 est

221 204 402 256 decurio,
436 206 502 256 qui
536 211 687 243 turmae
720 206 897 255 equitum
930 211 1212 257 praeponatur,
1244 207 1425 257 inprimis
1451 206 1571 245 habili

222 275 407 316 corpore,
441 268 485 302 ut
516 263 703 302 loricatus
738 270 776 302 et
808 265 926 302 armis
965 264 1231 303 circumdatus
1264 264 1447 303 omnihus
1479 277 1571 304 cum

221 335 373 361 summa
394 322 650 361 admiratione
672 334 817 373 equum
842 324 967 373 possit
987 323 1217 371 ascendere,
1239 325 1417 375 equitare
1438 324 1569 363 sortis·

184 388 200 414 5
221 382 337 433 sime,
371 386 487 419 conto
521 382 694 420 scienter
726 382 800 433 uti,
835 383 993 432 sagittas
1026 382 1250 421 doctissime
1284 383 1454 435 mittere,
1486 381 1582 422 tur-‘

219 440 342 478 males
375 451 484 491 suos,
518 440 556 478 id
589 446 650 478 est
682 439 755 478 sub
788 453 882 479 cura
915 453 984 479 sua
1022 443 1175 491 equites
1211 443 1378 494 positos,
1411 441 1570 480 erudire

219 498 266 537 ad
299 500 428 537 omnia
462 511 560 549 quae
603 500 800 550 equestris
837 512 967 550 pugna
1008 499 1203 551 deposcit,
1236 500 1394 539 eosdem
1429 513 1570 552 cogere

219 557 362 596 loricas
395 569 485 596 suas
518 557 583 596 uel
615 558 864 610 catafractas‚
896 564 1033 597 contos
1067 563 1106 596 et
1141 559 1313 597 cassides
1341 559 1571 610 frequenter

220 621 377 666 tergere
405 622 444 655 et
470 629 622 655 curare.
666 616 885 656 Plurimum
913 619 1017 656 enim
1044 619 1210 655 terroris
1236 617 1417 656 hostibus
1444 630 1570 656 armo-

169 682 201 707 10
220 687 309 714 rum
349 675 536 726 splendor
574 677 759 727 inportat.
822 675 918 721 Quis
957 675 1092 715 credat
1130 676 1294 715 militem
1329 676 1572 727 bellicosum,

222 735 335 773 cuius
362 734 673 774 dissimulatione
702 736 778 773 situ
806 747 850 773 ac
878 734 1055 786 robigine
1083 747 1188 773 arma
1216 733 1453 774 foedantur?
1486 735 1572 774 Non

221 793 349 832 solum
382 799 513 833 autem
539 795 693 845 equites
721 793 789 832 sed
822 796 938 833 etiam
964 795 1071 845 ipsos
1098 806 1220 845 equos
1248 794 1411 833 adsiduo
1438 794 1571 833 labore

221 854 408 891 conuenit
447 853 632 891 edomari.
694 852 832 904 Itaque
871 853 916 891 ad
956 853 1210 892 decurionem
1249 858 1289 892 et
1321 854 1502 892 sanitatis
1535 860 1574 892 et

222 913 514 951 exercitationis
547 917 625 951 tam
657 912 862 951 hominum
889 924 1005 964 quam
1035 925 1229 963 equorum
1262 914 1435 963 pertinet
1466 925 1572 952 cura.

103 1002 325 1037 Quemadmodum

269 1038 295 1053 eS
312 1038 351 1053 ln-

414 1041 491 1080 XV.
524 1041 650 1094 Nunc,
666 1041 834 1093 qualiter
852 1042 1086 1080 instruenda
1107 1044 1157 1080 sit
1174 1043 1289 1094 acies,
1306 1043 1338 1080 si
1352 1054 1481 1093 pugna
1502 1043 1574 1081 im-

222 1102 386 1152 mineat,
420 1101 643 1140 declaretur
675 1103 795 1140 unius
827 1101 992 1151 legionis
1025 1101 1222 1153 exemplo3
1256 1101 1378 1153 quod,
1412 1102 1445 1139 si
1478 1113 1573 1140 usus

223 1161 416 1211 exegerit,
448 1160 656 1199 transferri
688 1161 813 1211 possit
846 1160 892 1198 ad
925 1159 1070 1210 plures.
1125 1160 1289 1211 Equites
1321 1159 1502 1198 locantur
1534 1162 1575 1198 in

223 1219 422 1257 cornibus.
480 1220 594 1258 Acies
627 1219 805 1270 peditum
838 1232 858 1258 a
885 1220 1010 1270 prima
1038 1219 1199 1258 cohorte
1231 1220 1370 1269 incipit
1402 1219 1576 1257 ordinari

223 1279 263 1316 in
291 1290 416 1316 cornu
443 1278 592 1316 dextro.
637 1278 737 1317 Huic
765 1278 906 1317 cohors
934 1278 1106 1317 secunda
1134 1279 1397 1328 coniungitur.
1443 1278 1577 1316 Tertia

170 1347 184 1370 2
225 1337 365 1376 cohors
401 1339 441 1375 in
474 1337 602 1376 media
635 1339 716 1376 acie
751 1337 990 1377 conlocatur.
1048 1337 1148 1376 Huic
1175 1337 1398 1376 adnectitur
1425 1343 1575 1388 quarta.

250 1475 290 1508 V.
318 1474 356 1509 L.
447 1479 464 1508 1
493 1475 510 1507 s
533 1474 565 1509 G
675 1478 694 1508 2
722 1473 840 1508 habili
866 1474 941 1508 rz'G
966 1473 1083 1508 nabili
1109 1473 1144 1507 α’
1178 1473 1301 1508 stabili
1330 1474 1359 1518 Q
1393 1472 1517 1508 stabili
1542 1473 1577 1508 L

224 1520 348 1556 stabili
374 1533 464 1556 corr.
492 1522 533 1556 in
558 1522 677 1556 habili
703 1522 739 1556 P
833 1525 853 1555 3
881 1521 954 1566 [ut]
985 1521 1019 1555 G
1104 1521 1299 1566 loricatus]
1328 1521 1444 1555 lorica
1469 1523 1509 1555 H

225 1572 245 1602 8
275 1568 390 1614 [suas]
425 1570 536 1613 uzclyo
659 1573 678 1603 9
704 1570 850 1613 tergere
884 1571 1025 1613 (tegere
1052 1569 1107 1612 H)
1145 1569 1182 1603 et
1213 1579 1341 1603 curare
1374 1581 1402 1602 π
1433 1570 1579 1613 tergere

225 1626 353 1650 curare
380 1629 404 1650 α
430 1617 470 1650 ut
497 1619 642 1660 tergere
669 1627 795 1650 curare
819 1616 939 1650 Paris.
963 1617 1060 1650 6503
1086 1617 1230 1660 tergere
1264 1627 1390 1650 curare
1417 1616 1578 1651 sameare

225 1662 422 1705 (sameares
446 1663 488 1708 Q>
515 1666 533 1697 λ
564 1665 590 1697 t.
619 1675 648 1697 c.
676 1663 829 1697 samiare
855 1665 966 1708 uzdyo
1071 1666 1113 1697 12
1140 1662 1289 1697 adsidue
1316 1663 1360 1708 (ἦ
1472 1667 1514 1698 13
1542 1664 1579 1697 et

225 1710 395 1744 sanitatis
424 1712 461 1745 et
492 1710 641 1745 exercit.
672 1711 733 1745 Gn
772 1712 827 1753 (in
860 1711 896 1745 P
930 1711 991 1745 ion
1022 1710 1063 1744 in
1101 1710 1122 1744 I.
1159 1715 1224 1753 er.)
1257 1712 1294 1744 et
1335 1710 1509 1745 sameatis
1542 1712 1579 1745 et

225 1769 277 1793 ex,
306 1758 355 1792 M
377 1760 414 1792 et
440 1757 608 1793 sanitatis
630 1757 907 1792 exercitationis
928 1758 964 1793 A
992 1757 1045 1802 [et
1070 1756 1093 1791 s.
1122 1758 1174 1803 et]
1201 1760 1219 1791 λ

320 1818 403 1852 CAP.
436 1817 514 1852 XV.
646 1821 686 1852 17
714 1816 916 1862 transferri]
945 1819 986 1851 ut
1016 1816 1205 1852 transferri
1230 1817 1289 1851 tD
1444 1820 1488 1851 20
1515 1828 1577 1851 an-

223 1866 395 1900 nectatur
422 1867 459 1899 H
1289 1878 1292 1881 ·

249 1995 283 2029 S.
310 1994 347 2029 L.
451 1999 467 2029 1
497 1994 701 2039 elegendus
724 2007 739 2028 ε
838 1998 859 2028 4
886 1993 1145 2029 ammiratione
1172 1996 1212 2028 H
1307 1998 1326 2028 6
1353 1993 1507 2038 possitos
1530 1993 1576 2028 A*

321 2046 339 2076 7
374 2042 555 2088 deposcit]
591 2041 767 2086 depositis
795 2043 834 2075 H
946 2046 988 2076 10
1020 2041 1169 2085 import.
1204 2043 1243 2075 H
1344 2041 1575 2086 bellicosum]

225 2089 398 2124 bellicoso
426 2092 466 2124 H
565 2094 604 2124 11
634 2088 936 2134 dissimulatione]
969 2088 1248 2123 desimulatione
1276 2101 1292 2123 ε
1390 2088 1574 2133 robigine]

225 2137 433 2181 robiginem
460 2136 493 2170 α’
619 2136 831 2181 foedantur]
864 2136 1102 2171 foederantur
1133 2136 1166 2170 α’
1200 2136 1419 2172 ἘοὴεαΞίω·
1447 2138 1485 2169 Π

229 2188 269 2217 12
297 2184 438 2219 assiduo
468 2186 507 2217 Π
602 2183 746 2229 labore]
773 2184 941 2219 laborare
969 2183 1014 2218 A'

322 2243 403 2278 ΟΜ».
432 2243 510 2278 XV.
589 2247 630 2278 15
658 2242 832 2288 qualiter]
861 2243 1002 2287 pariter
1028 2244 1068 2276 Π
1134 2241 1330 2276 immineat
1355 2244 1422 2276 αΠ
1444 2242 1530 2276 inm.
1560 2243 1578 2275 λ

322 2294 363 2324 18
392 2291 429 2336 a]
464 2302 506 2325 ac
534 2292 573 2325 H
676 2294 717 2325 19
746 2291 872 2336 cornu]
908 2301 1018 2325 corno
1051 2291 1084 2324 α’
1192 2294 1235 2324 20
1264 2288 1467 2324 collocatur
1492 2288 1580 2323 A'H

1062 2607 1087 2609 A
1111 2600 1535 2609 μΙ-Α-Γὺ--ῗ-ψν
1559 2600 1597 2605 νὴ.
1611 2602 1623 2604 ,1
