1638 2620
589 117 668 152 Lib.
695 116 724 160 Ι,
750 120 805 152 27.
833 120 889 152 28.
1359 116 1415 156 29

69 217 260 268 accidere,
293 227 409 267 quam
441 226 519 253 non
545 220 634 254 ante
661 214 755 254 boni
781 215 923 254 milites
950 215 1110 254 adsidua
1136 217 1416 254 exercitatione

70 276 309 314 didicissent.

155 390 359 442 [XXV111.]
385 391 489 430 Haec
499 390 589 430 fidei
602 403 645 430 ac
658 391 879 430 deuotionis
891 393 1048 444 intuitu,
1060 393 1274 443 imperator
1301 404 1351 441 [pe
1371 406 1549 426 adhortatione

1289 443 1326 456 rei
1336 436 1457 456 militaris
1467 435 1559 456 Roma-

69 451 286 503 inuicte,de
301 451 501 489 uniuersis
515 450 754 502 auctoribus,
763 452 832 502 qui
845 452 903 489 rei
915 451 1093 490 militaris
1106 451 1274 502 discipli·
1288 471 1390 492 uaeque
1406 463 1532 495 amna]

70 523 158 549 nam
174 509 316 548 litteris
330 509 629 560 mandauerunt>
644 510 685 547 in
700 509 805 548 hunc
819 509 993 548 libellum
1008 510 1211 549 enucleata
1225 511 1418 562 congessi,
1437 518 1453 544 5

72 575 115 608 ut
134 570 174 607 in
189 569 332 608 dilectu
349 574 467 619 atque
481 570 761 607 exercitatione
776 570 950 607 tironum
973 570 1006 607 si
1027 571 1114 620 quis
1135 569 1302 620 diligens
1322 568 1419 607 uelit

72 629 260 680 existere,
299 627 345 666 ad
378 629 561 678 antiquae
593 629 754 666 uirtutis
792 628 1049 666 imitationem
1081 628 1192 667 facile
1226 627 1417 666 conrobo-

71 699 160 726 rare
193 689 318 738 possit
350 688 579 725 exercitum.
629 686 766 737 Neque
799 687 904 724 enim
936 686 1192 737 degenerauit
1224 688 1264 725 in
1295 687 1418 725 homi-

72 746 189 785 nibus
220 745 383 784 Martius
423 745 527 784 calor
564 758 638 784 nec
676 746 812 783 effetae
852 750 945 784 sunt
984 751 1130 797 terrae,
1170 758 1269 796 quae
1300 745 1419 784 Lace-

73 805 309 857 daemonios,
343 816 441 855 quae
468 804 739 855 Athenienses,
771 815 870 855 quae
896 804 1057 855 Marsos,
1086 817 1184 855 quae
1212 804 1419 857 Samnites,
1440 814 1474 839 10

73 876 172 915 quae
204 863 404 915 Pelignos,
446 875 545 914 quae
584 865 691 914 ipsos
731 875 979 914 progenuere
1018 863 1227 902 Romanos.
1281 863 1419 902 Nonne

72 922 184 974 Epiri
216 924 334 961 armis
367 923 580 973 plurimum
607 921 813 973 aliquando
840 920 1080 961 ualuerunt?
1130 921 1267 960 Nonne
1293 922 1420 960 Mace·

72 981 195 1020 dones
228 993 272 1020 ac
305 980 482 1019 Thessali
520 982 715 1032 superatis
748 980 880 1020 Persis
922 993 1048 1031 usque
1081 981 1127 1019 ad
1160 981 1309 1019 Indiam
1340 980 1420 1019 bel-

74 1040 188 1079 lando
221 1037 508 1091 penetrarunt?
540 1039 664 1079 Dacos
698 1045 827 1078 autem
861 1045 900 1078 et
925 1039 1078 1078 Moesos
1112 1046 1150 1078 et
1176 1039 1348 1078 Thracas
1380 1040 1418 1077 in

74 1105 224 1138 tantum
258 1099 465 1137 bellicosos
498 1111 654 1150 semper
686 1099 807 1137 fuisse
840 1099 1091 1137 manifestum
1119 1105 1190 1150 est,
1223 1104 1267 1137 ut
1292 1100 1421 1150 ipsum
1442 1109 1474 1134 15

74 1157 238 1197 Martem
272 1157 423 1196 fabulae
457 1158 558 1209 apud
586 1170 653 1196 eos
680 1164 813 1196 natum
841 1170 927 1196 esse
955 1158 1200 1196 confirment.
1245 1157 1422 1208 Longum

75 1222 151 1268 est,
191 1218 225 1255 si
265 1218 540 1255 uniuersarum
578 1218 871 1268 prouinciarum
915 1218 1021 1254 uires
1060 1228 1292 1255 enumerare
1331 1228 1421 1255 con-

74 1275 244 1328 tendam,
278 1288 366 1314 cum
399 1288 534 1314 omnes
561 1277 600 1314 in
626 1275 792 1314 Romani
823 1277 977 1326 imperii
1009 1275 1162 1314 dicione
1196 1277 1422 1314 consistant.

77 1334 153 1373 Sed
180 1334 315 1386 longae
344 1337 535 1373 securitas
562 1336 669 1386 pacis
694 1335 872 1373 homines
892 1336 1034 1384 partim
1055 1334 1100 1372 ad
1123 1334 1421 1373 delectationem

98 1472 139 1507 V.
168 1471 207 1506 L.
258 1473 410 1507 alterum
436 1484 458 1507 a
484 1476 509 1508 2
535 1473 577 1507 in
603 1473 677 1507 loeo
703 1475 857 1507 correcto
878 1472 1038 1516 positum
1063 1473 1111 1506 sit
1137 1471 1172 1506 A
1202 1471 1307 1506 casus
1328 1471 1426 1506 GaP

74 1520 184 1564 uulyo
282 1524 299 1554 1
328 1519 502 1555 accedere
529 1521 571 1554 εδ
937 1537 946 1547 .

170 1578 254 1613 CAP.
281 1578 449 1613 XXVIII.
548 1584 567 1614 6
594 1578 740 1613 delectu
777 1580 881 1623 (corr.
914 1579 955 1612 in
988 1577 1051 1612 dil.
1082 1578 1132 1620 P)
1161 1577 1220 1611 δΡ
1315 1581 1335 1612 8
1362 1577 1424 1612 de-

76 1625 287 1672 generauit]
322 1625 564 1670 degenerabit
596 1628 635 1660 H
665 1626 870 1670 denegatur
902 1626 924 1659 δ
1045 1624 1275 1671 hominibus]
1309 1626 1424 1659 omni-

75 1673 144 1708 bus
165 1687 190 1717 μ
288 1677 307 1707 9
335 1673 442 1720 effete
472 1673 508 1707 P
531 1673 639 1708 effete
661 1673 740 1707 HV
762 1672 892 1707 effecte
925 1671 958 1706 α’
993 1672 1135 1707 desecte
1165 1672 1194 1717 Q
1223 1671 1362 1707 {fectae
1392 1671 1425 1706 G

74 1720 234 1755 infectae
261 1720 322 1755 uel
348 1720 515 1755 defectae
539 1721 578 1755 D
654 1725 694 1755 12
723 1720 816 1765 epiri
843 1720 899 1754 ἕπε’
927 1719 1021 1764 epiri
1047 1731 1137 1754 corr.
1165 1721 1205 1754 in
1231 1718 1373 1764 epirote
1394 1719 1431 1753 P

75 1766 253 1811 Epirotae
268 1768 399 1812 mdyae
419 1769 464 1810 cf.
479 1768 542 1812 1V,
557 1772 613 1803 31.
643 1768 806 1812 Coqitarz'
819 1771 937 1812 potest
951 1769 993 1802 de
1008 1766 1114 1811 epirii
1129 1768 1190 1809 (cf.
1201 1767 1427 1801 Schuchardt

82 1814 162 1850 Voc.
184 1816 244 1849 cles
271 1815 374 1860 Vuly.
398 1816 453 1848 II
468 1827 507 1859 p.
531 1818 618 1858 505)
643 1816 705 1849 uel
731 1815 810 1859 epis
835 1832 879 1842 =
900 1814 1065 1858 epirotae
1092 1813 1269 1858 Epirotae
1295 1813 1427 1857 Pyrrhi

79 1862 311 1897 Guilielmius
335 1865 352 1903 (
353 1866 500 1897 auctore
520 1862 727 1905 Steweehz'o)
755 1861 881 1908 Epirei
904 1862 1064 1896 Oudend.
1126 1865 1167 1895 13
1189 1860 1335 1895 thessali
1358 1860 1427 1905 QD

77 1908 243 1944 thessalii
263 1911 301 1943 H
325 1909 459 1944 thesali
480 1909 513 1943 V
535 1909 655 1944 tessali
676 1910 740 1944 αΡ
804 1914 844 1943 14
869 1908 1029 1954 moesos]
1058 1908 1176 1943 mesos
1198 1908 1232 1942 V
1255 1908 1375 1952 mysos
1391 1910 1429 1942 H

149 1979 300 2014 thracas
321 1981 360 2013 H
383 1980 507 2015 tracas
532 1980 567 2014 V
587 1980 712 2015 tracos
727 1981 765 2014 D
790 1979 940 2014 thraces
963 1979 1033 2024 QP
1058 1964 1205 2022 thr3oer
1230 1979 1429 2013 Beruensts

78 2050 248 2085 threaces
268 2050 314 2085 A'
349 2050 497 2085 threces
518 2051 567 2085 M
685 2055 726 2085 19
760 2050 895 2095 longae
925 2051 985 2095 Αμ
1019 2050 1131 2095 longa
1157 2052 1195 2083 H
1225 2034 1427 2097 longeuaG

77 2098 238 2142 longeua
264 2098 324 2132 &P

105 2215 139 2251 S.
154 2216 193 2250 L.
269 2216 349 2250 CAP.
377 2216 542 2251 XXVIII.
594 2220 613 2250 3
641 2216 757 2261 Haec]
785 2216 862 2250 Nec
888 2216 937 2250 M
1033 2219 1052 2249 6
1080 2214 1232 2260 dilectu]
1262 2225 1299 2249 -ο
1326 2215 1365 2248 H

79 2262 188 2308 uelit]
221 2263 330 2298 uellit
361 2265 395 2298 A
512 2267 530 2298 7
563 2262 852 2309 inmitationem]
887 2277 911 2307 μ
1027 2262 1263 2297 corroborare
1296 2263 1335 2295 H

80 2313 100 2343 9
126 2310 287 2345 marcius
308 2312 343 2345 A
412 2315 454 2345 11
482 2311 696 2355 proienuere
712 2313 750 2344 H
809 2309 1080 2356 prouintiarum
1097 2310 1130 2343 α’
1203 2313 1244 2343 19
1272 2308 1426 2344 dilecta-

81 2357 222 2392 tionem
250 2359 283 2391 α’
312 2358 560 2393 delectatione
588 2360 627 2392 H
