1638 2620
126 96 213 131 VIII
707 95 906 132 Praefatio.

128 197 191 234 uis
228 196 423 234 redoleant
460 196 716 239 adulatorem,
754 197 933 243 quamuis
971 197 1138 243 sequenti
1175 197 1288 240 libro,
1327 199 1392 245 qui
1429 201 1482 237 est

123 255 403 303 poliorceticus,
431 256 543 302 quasi
560 255 810 302 praeludunt,
837 257 963 292 tamen
989 256 1194 294 credideris
1220 257 1367 304 aliquid
1392 258 1478 295 certi

128 315 285 361 uerique
312 315 505 352 contineri.
554 313 659 351 Eam
681 316 807 351 autem
833 314 984 351 laudem
1009 315 1108 352 nulli
1138 315 1293 353 illorum
1316 317 1478 363 impera-

127 375 253 411 torum
271 373 467 411 uindicari
478 383 593 420 posse
613 373 824 415 arbitreris,
844 373 922 410 nisi
941 372 1148 411 Theodosio
1166 373 1215 416 I„
1243 375 1351 412 cuius
1363 385 1478 422 proe—

127 433 248 478 fectus
287 430 478 479 Oyneqius
515 431 720 469 uniuersas
752 430 976 480 prouincias
1013 431 1124 479 longi
1168 433 1359 480 temporis
1391 433 1477 471 labe

128 490 312 539 deceptas
346 490 395 527 ad
427 489 639 539 pristinum
671 490 821 527 statum
852 485 1112 542 reuocauiffl).

247 547 305 587 Hi
324 560 468 596 quoque
491 550 612 587 nostri
638 549 753 586 libelli
779 549 849 586 loci
869 549 920 586 ad
939 549 1196 595 definiendam
1221 550 1396 588 videntur
1414 563 1480 588 va-

130 609 205 645 lere
222 607 364 655 Veqetii
378 610 556 646 aetatem:
568 620 610 655 p.
627 609 693 654 22,
710 608 850 645 8—11
870 610 903 644 et
919 608 1013 655 150,
1031 610 1067 656 7,
1083 609 1120 645 8.
1148 607 1318 655 Quorum
1331 610 1480 656 quidem

129 668 170 704 in
193 668 330 714 priore
361 667 528 705 Romam
551 678 626 714 per
659 665 800 704 Gothos
839 666 998 704 deletam
1037 665 1231 714 Veqetium
1261 678 1338 705 non
1369 669 1482 705 omis-

130 737 265 763 surum
297 726 428 773 fuisse,
460 727 495 764 si
512 728 603 773 post
627 737 663 763 a.
689 726 776 763 410
802 726 1028 772 scripsisset,
1055 726 1139 772 quis
1168 728 1221 764 est
1251 727 1342 772 quin
1368 727 1482 774 facile

131 785 374 822 adducatur?
429 784 494 822 Ex
525 785 642 822 altero
675 787 802 821 autem
834 784 1012 826 locorum,
1045 795 1138 830 quos
1169 785 1336 823 diximus
1370 780 1481 836 (quia

131 843 211 881 iam
252 843 400 880 dudum
437 844 578 892 pacato
617 842 718 880 mari
756 855 845 880 cum
876 842 1057 880 barbaris
1088 843 1315 881 nationibus
1348 844 1482 893 agitur

129 903 319 940 terrestre
341 896 572 954 certamen),
601 913 686 939 cum
711 901 937 940 Marcellini
962 902 1134 940 chronico
1159 903 1228 940 sub
1255 914 1356 940 anno
1383 903 1481 946 400,

131 972 203 1008 quo
227 973 366 1009 puqna
391 962 545 999 navalis
569 962 675 1008 facta
700 963 946 1004 memoratur,
973 960 1193 1008 comparato
1220 964 1306 999 ante
1337 973 1372 999 a.
1393 962 1480 999 400

137 1020 281 1068 Veqetii
313 1021 480 1058 libellum
510 1022 695 1067 scriptum
727 1020 828 1067 effici
859 1021 894 1057 si
925 1021 1010 1066 quis
1042 1021 1284 1063 contenderit,
1315 1020 1482 1058 Marcel-

131 1079 203 1117 lini
241 1081 506 1117 auctoritatem
542 1079 762 1126 faciendam
795 1089 872 1116 esse
908 1079 1059 1116 minimi
1095 1079 1200 1117 haud
1236 1080 1384 1117 iniuria
1415 1091 1482 1126 op-

123 1149 332 1185 ponamus.
382 1138 511 1186 Iqitur
543 1139 594 1176 ad
625 1141 772 1185 tempus
803 1138 902 1185 quod
941 1138 1017 1184 fuit
1047 1138 1154 1175 intra
1185 1149 1308 1176 annos
1340 1139 1424 1175 384
1451 1140 1484 1175 et

132 1197 216 1234 395
250 1200 424 1235 nostrum
456 1198 623 1235 libellum
654 1197 897 1244 referendum
930 1196 1209 1243 Theodosioque
1244 1197 1387 1244 Maqno
1419 1198 1480 1235 ob-

129 1256 252 1294 latum
288 1256 346 1294 vel
378 1267 418 1293 eo
449 1257 597 1294 iubente
634 1256 844 1303 confectum
876 1266 953 1293 esse
990 1256 1079 1293 olim
1116 1267 1249 1293 sumus
1286 1257 1483 1303 suspicati.

127 1313 255 1362 Atque
291 1313 407 1365 χθιζά
438 1328 476 1352 τε
513 1312 579 1356 καὶ
609 1313 770 1364 πρώιζα,
802 1326 888 1352 cum
921 1313 1007 1352 Chr.
1040 1314 1088 1353 F.
1120 1313 1326 1363 Baehrius,
1357 1316 1418 1352 vir
1450 1317 1483 1352 et

130 1374 372 1412 doctissimus
405 1377 438 1411 et
467 1374 782 1416 humanissimus,
816 1374 877 1411 cui
899 1374 1074 1420 priorem
1101 1371 1243 1420 Veqetii
1274 1374 1483 1416 editionem,

131 1435 271 1481 quippe
302 1445 417 1480 quam
441 1434 606 1480 paranti
630 1433 724 1470 mihi
755 1433 817 1470 ille
843 1443 1034 1470 summam
1059 1433 1285 1470 nauauissct
1315 1444 1482 1480 operam,

128 1495 201 1530 toto
241 1504 285 1530 esc
317 1493 446 1530 animo
484 1492 832 1539 despondissemus,
867 1492 973 1528 tertio
1005 1502 1106 1528 anno
1131 1493 1339 1538 postquam
1375 1491 1485 1529 illam

130 1552 329 1589 editionem
346 1551 496 1598 publici
521 1552 620 1588 iuris
651 1551 829 1597 feceram,
861 1551 903 1587 in
929 1550 1148 1588 bibliotheca
1172 1550 1484 1597 Heidelberqensi

127 1611 222 1648 mihi
254 1611 407 1648 obuiam
433 1611 560 1657 factus
586 1605 710 1646 ‘Heus
737 1605 805 1652 tu’,
831 1610 966 1656 inquit,
993 1603 1125 1655 ‘quam
1150 1611 1246 1647 reete
1271 1610 1315 1647 de
1342 1609 1484 1656 Veqetii

129 1672 251 1707 aetate
281 1668 484 1707 iudicasti!
492 1664 503 1681 ⁹
554 1668 751 1715 Simulque
782 1668 949 1705 Iordani
980 1668 1024 1705 de
1054 1667 1202 1706 Romae
1238 1669 1346 1706 urbis
1385 1669 1483 1706 anti-

130 1740 227 1776 quae
258 1728 510 1776 topoqraphia
542 1728 642 1770 libri,
676 1728 784 1765 cuius
816 1727 978 1764 alterum
1010 1727 1186 1765 columen
1217 1738 1257 1764 eo
1288 1728 1370 1774 ipso
1396 1729 1484 1764 tem-

121 1799 221 1836 pore
245 1787 356 1835 prelo
390 1788 545 1830 entier-at,
579 1787 702 1825 locum
734 1786 927 1828 laudauit,
961 1797 1034 1832 quo
1059 1787 1120 1823 vir
1143 1786 1485 1833 praeclarissimus

130 1849 163 1884 et
200 1847 374 1884 doctrina
412 1858 528 1893 quam
564 1847 731 1883 maxime
766 1846 976 1882 instructus
1010 1844 1260 1883 Theodosium
1291 1845 1485 1892 Maqnurn

138 1905 292 1953 Veqetii,
324 1906 358 1943 si
384 1906 438 1942 ita
465 1906 587 1942 dicere
613 1905 708 1947 licet,
744 1905 1011 1951 imperatorem
1041 1904 1162 1950 fuisse
1179 1915 1256 1951 pro
1283 1906 1379 1941 certo
1404 1904 1484 1941 iam

130 1967 303 2002 constare
335 1958 511 2015 censet2).
560 1962 682 2010 Atqui
712 1963 821 2001 hodie
850 1963 968 2000 multo
999 1973 1107 2001 secus
1137 1964 1276 2008 sentio,·
1315 1963 1413 2010 quod
1444 1965 1485 1999 ut

228 2101 260 2144 1)
294 2101 339 2144 cf.
366 2090 655 2144 Descriptionem
681 2099 867 2133 consulum
902 2098 968 2133 sub
994 2108 1093 2133 anno
1119 2101 1199 2133 388.
1255 2097 1344 2133 Vide
1376 2098 1483 2132 etiam

131 2147 297 2182 Richteri
322 2148 421 2191 „das
454 2150 625 2181 westroni.
653 2145 794 2181 Reich“
819 2157 855 2189 p.
872 2148 958 2180 509:
986 2145 1225 2180 ‘Theodosius
1249 2145 1327 2179 that
1351 2145 1483 2189 weniq-

132 2198 227 2230 siens
259 2195 327 2229 das
352 2194 532 2239 Moyli'clie
564 2205 625 2228 um
658 2194 715 2228 die
741 2192 866 2228 Stddte
897 2193 989 2227 noch
1020 2192 1155 2227 sichrer
1185 2203 1232 2227 zu
1264 2191 1482 2236 befestiqen'‚

133 2245 165 2277 et
190 2242 333 2277 Haenel
358 2252 453 2285 corp.
482 2242 545 2285 leq.
573 2241 740 2276 anteiust.
762 2251 802 2284 p.
824 2243 891 2274 229
918 2243 950 2274 et
975 2243 1055 2274 233.
1088 2240 1140 2274 At
1165 2239 1271 2275 Seeck
1297 2240 1318 2274 l.
1341 2240 1362 2274 l.
1377 2250 1418 2284 p.
1440 2242 1485 2274 70

133 2290 239 2325 illum
263 2288 445 2333 Descript.
472 2289 588 2323 locum
609 2297 764 2333 prorsus
789 2288 895 2322 aliter
919 2287 1191 2331 interpretatur.

225 2338 260 2381 2)
287 2336 332 2372 L.
361 2336 383 2371 l.
410 2334 463 2370 II
488 2335 603 2370 154l5.
