1638 2620
202 581 384 624 FLAVI
416 580 640 623 VEGETI
673 580 898 622 RENATI
931 580 1059 622 VIRI
1090 580 1403 623 INLUSTRIS

134 663 373 707 COMITIS
406 663 671 705 EPITOMA
704 663 807 704 REI
838 662 1144 704 MILITARIS
1181 663 1344 705 LIBRI
1376 664 1480 706 IIII.

254 856 408 894 Primus
441 853 539 892 liber
572 854 804 892 electionem
837 854 975 893 edocet
1007 855 1226 906 iuniorum,
1259 867 1305 893 ex
1338 854 1481 906 quibus

132 915 228 953 locis
266 913 331 952 uel
370 912 504 964 quales
543 913 686 952 milites
723 912 917 964 probandi
956 914 1035 951 sint
1073 919 1139 951 aut
1177 913 1320 964 quibus
1357 926 1481 953 armo-

132 986 222 1012 rum
255 974 451 1011 exercitiis
483 972 696 1010 imbuendi.
761 972 967 1010 Secundus
1005 971 1105 1010 liber
1143 973 1288 1010 ueteris
1321 973 1481 1011 militiae

133 1034 309 1071 eontinet
346 1043 513 1082 morem,
558 1031 604 1069 ad
643 1043 760 1082 quem
798 1031 993 1082 pedestris
1032 1032 1185 1069 institui
1216 1033 1341 1082 possit
1373 1044 1482 1070 exer-

135 1093 247 1130 citus.
311 1090 468 1129 Tertius
501 1090 600 1128 liber
632 1091 761 1128 omnia
794 1091 937 1129 artium
970 1102 1131 1141 genera,
1170 1102 1269 1140 quae
1302 1092 1483 1129 terrestri
1503 1099 1518 1125 5

134 1150 284 1201 proelio
322 1150 544 1188 necessaria
581 1149 787 1201 uidentur,
826 1150 996 1199 exponit.
1060 1148 1233 1194 Quartus
1266 1149 1365 1187 liber
1397 1151 1482 1188 uni-

136 1221 271 1247 uersas
317 1208 532 1260 machinam,
577 1208 721 1259 quibus
766 1207 829 1246 uel
873 1207 1151 1259 obpugnantur
1196 1209 1375 1247 ciuitates
1421 1208 1484 1247 uel

135 1267 421 1318 defenduntur,
472 1273 693 1319 enume1‘at3
745 1266 893 1305 naualis
939 1279 1095 1317 quoque
1140 1266 1231 1305 belli
1275 1273 1485 1318 praecepta

136 1326 346 1365 subnectit.

231 1453 287 1486 De
312 1452 549 1496 inscriptione
574 1451 692 1495 operis
717 1451 801 1485 uide
820 1451 1097 1494 praefationem.
1192 1454 1209 1483 1
1237 1450 1436 1485 lectionem
1463 1452 1485 1484 ὃ

232 1503 251 1533 2
278 1498 412 1533 militis
433 1499 467 1532 A
575 1498 657 1532 sunt
682 1499 722 1531 Π
840 1502 861 1532 4
888 1497 935 1531 ad
962 1498 1089 1543 quem]
1118 1497 1176 1531 eP
1209 1500 1246 1532 et]
1273 1509 1383 1541 quem
1409 1508 1484 1531 am-

136 1547 287 1581 modum
316 1547 355 1579 Π
376 1548 442 1580 aut
468 1545 778 1589 quemadmodum
804 1547 827 1579 ὃ
934 1544 1094 1590 institui]
1122 1543 1252 1579 instrui
1278 1545 1388 1590 uulgo

138 1598 157 1628 5
185 1593 360 1638 terrestri]
389 1593 427 1627 in
453 1593 615 1627 terrestri
641 1594 678 1626 π’
745 1597 765 1627 6
791 1592 909 1639 prelio
938 1593 1004 1637 (sic
1028 1593 1101 1634 fere
1127 1594 1345 1636 constanter)
1372 1594 1412 1626 H

139 1645 157 1675 7
186 1640 448 1685 obpugnantur
473 1642 513 1674 H
535 1642 798 1685 oppugnantur
824 1640 908 1674 εὸΡ
976 1644 996 1674 8
1024 1639 1177 1674 nauales
1197 1639 1245 1685 Al
1319 1640 1483 1686 quoque]

139 1699 208 1732 que
244 1688 277 1721 V
357 1687 502 1722 Comma
526 1686 673 1722 naualis
695 1708 736 1711 —
764 1686 948 1721 subnectit
974 1687 1070 1722 abest
1097 1699 1119 1721 α
1144 1687 1183 1720 D

215 2461 389 2484 vizon-nus.
1256 2456 1273 2485 1
