<?xml version="1.0" encoding="UTF-8"?>
<!DOCTYPE html PUBLIC "-//W3C//DTD XHTML 1.0 Transitional//EN"
    "http://www.w3.org/TR/xhtml1/DTD/xhtml1-transitional.dtd">
<html xmlns="http://www.w3.org/1999/xhtml" xml:lang="en" lang="en">
 <head>
  <title>
</title>
<meta http-equiv="Content-Type" content="text/html;charset=utf-8" />
  <meta name='ocr-system' content='tesseract 3.04.00' />
  <meta name='ocr-capabilities' content='ocr_page ocr_carea ocr_par ocr_line ocrx_word'/>
</head>
<body>
  <div class='ocr_page' id='page_1' title='image "./flavivegetirenat00vegeuoft/flavivegetirenat00vegeuoft_0160.png"; bbox 0 0 1638 2620; ppageno 0'>
   <div class='ocr_carea' id='block_1_1' title="bbox 169 117 1010 162">
    <p class='ocr_par' dir='ltr' id='par_1_1' title="bbox 169 117 1010 162">
     <span class='ocr_line' id='line_1_1' title="bbox 169 117 1010 162; baseline -0.007 -5"><span class='ocrx_word' id='word_1_1' title='bbox 169 117 254 159; x_wconf 82' lang='lat'>104</span> <span class='ocrx_word' id='word_1_2' title='bbox 676 117 755 153; x_wconf 86' lang='lat' dir='ltr'>Lib.</span> <span class='ocrx_word' id='word_1_3' title='bbox 782 117 845 162; x_wconf 83' lang='grc' dir='ltr'>ΙΙΙ,</span> <span class='ocrx_word' id='word_1_4' title='bbox 873 121 928 162; x_wconf 87' lang='lat'>18,</span> <span class='ocrx_word' id='word_1_5' title='bbox 956 121 1010 152; x_wconf 85' lang='lat'>19.</span> 
     </span>
    </p>
   </div>
   <div class='ocr_carea' id='block_1_2' title="bbox 28 215 1520 1210">
    <p class='ocr_par' dir='ltr' id='par_1_2' title="bbox 167 215 1513 445">
     <span class='ocr_line' id='line_1_2' title="bbox 168 215 1510 256; baseline -0.001 -1"><span class='ocrx_word' id='word_1_6' title='bbox 168 217 304 256; x_wconf 89' lang='lat' dir='ltr'>uident</span> <span class='ocrx_word' id='word_1_7' title='bbox 337 222 473 256; x_wconf 86' lang='lat' dir='ltr'>contra</span> <span class='ocrx_word' id='word_1_8' title='bbox 512 229 553 255; x_wconf 88' lang='lat' dir='ltr'>se</span> <span class='ocrx_word' id='word_1_9' title='bbox 593 217 695 254; x_wconf 85' lang='lat' dir='ltr'>acies</span> <span class='ocrx_word' id='word_1_10' title='bbox 735 216 919 254; x_wconf 86' lang='lat' dir='ltr'>ordinari.</span> <span class='ocrx_word' id='word_1_11' title='bbox 982 215 1082 254; x_wconf 84' lang='lat' dir='ltr'>Hinc</span> <span class='ocrx_word' id='word_1_12' title='bbox 1115 215 1271 255; x_wconf 79' lang='lat' dir='ltr'>additur</span> <span class='ocrx_word' id='word_1_13' title='bbox 1303 217 1510 254; x_wconf 85' lang='lat' dir='ltr'>maximum</span> 
     </span>
     <span class='ocr_line' id='line_1_3' title="bbox 168 275 1511 328; baseline -0.001 -14"><span class='ocrx_word' id='word_1_14' title='bbox 168 276 434 328; x_wconf 85' lang='lat' dir='ltr'>commodum,</span> <span class='ocrx_word' id='word_1_15' title='bbox 474 276 564 326; x_wconf 88' lang='lat' dir='ltr'>quia</span> <span class='ocrx_word' id='word_1_16' title='bbox 597 280 640 313; x_wconf 93' lang='lat' dir='ltr'>tu</span> <span class='ocrx_word' id='word_1_17' title='bbox 673 276 892 314; x_wconf 87' lang='lat' dir='ltr'>instructus</span> <span class='ocrx_word' id='word_1_18' title='bbox 924 281 1163 326; x_wconf 85' lang='lat' dir='ltr'>paratusque</span> <span class='ocrx_word' id='word_1_19' title='bbox 1197 275 1438 313; x_wconf 80' lang='lat' dir='ltr'>ordinantem</span> <span class='ocrx_word' id='word_1_20' title='bbox 1473 279 1511 313; x_wconf 88' lang='lat' dir='ltr'>et</span> 
     </span>
     <span class='ocr_line' id='line_1_4' title="bbox 169 334 1513 385; baseline -0.001 -12"><span class='ocrx_word' id='word_1_21' title='bbox 169 335 365 385; x_wconf 87' lang='lat' dir='ltr'>trepidum</span> <span class='ocrx_word' id='word_1_22' title='bbox 386 335 659 373; x_wconf 86' lang='lat' dir='ltr'>aduersarium</span> <span class='ocrx_word' id='word_1_23' title='bbox 680 346 958 384; x_wconf 80' lang='lat' dir='ltr'>praeoccupas.</span> <span class='ocrx_word' id='word_1_24' title='bbox 1002 334 1098 372; x_wconf 87' lang='lat' dir='ltr'>Pars</span> <span class='ocrx_word' id='word_1_25' title='bbox 1119 335 1224 372; x_wconf 91' lang='lat' dir='ltr'>enim</span> <span class='ocrx_word' id='word_1_26' title='bbox 1245 335 1431 373; x_wconf 87' lang='lat' dir='ltr'>uictoriae</span> <span class='ocrx_word' id='word_1_27' title='bbox 1451 338 1513 371; x_wconf 87' lang='lat' dir='ltr'>est</span> 
     </span>
     <span class='ocr_line' id='line_1_5' title="bbox 167 393 1511 445; baseline -0.001 -13"><span class='ocrx_word' id='word_1_28' title='bbox 167 395 371 432; x_wconf 91' lang='lat' dir='ltr'>inimicum</span> <span class='ocrx_word' id='word_1_29' title='bbox 398 393 576 444; x_wconf 81' lang='lat' dir='ltr'>turbare,</span> <span class='ocrx_word' id='word_1_30' title='bbox 611 399 818 443; x_wconf 80' lang='lat' dir='ltr'>antequam</span> <span class='ocrx_word' id='word_1_31' title='bbox 846 393 1027 445; x_wconf 72' lang='lat' dir='ltr'>dimices,</span> <span class='ocrx_word' id='word_1_32' title='bbox 1066 394 1239 444; x_wconf 88' lang='lat' dir='ltr'>exceptis</span> <span class='ocrx_word' id='word_1_33' title='bbox 1267 393 1511 443; x_wconf 85' lang='lat' dir='ltr'>superuenti-</span> 
     </span>
    </p>

    <p class='ocr_par' dir='ltr' id='par_1_3' title="bbox 131 451 1513 562">
     <span class='ocr_line' id='line_1_6' title="bbox 131 451 1511 503; baseline -0.002 -12"><span class='ocrx_word' id='word_1_34' title='bbox 131 461 147 486; x_wconf 86' lang='lat'>5</span> <span class='ocrx_word' id='word_1_35' title='bbox 167 452 241 491; x_wconf 87' lang='lat' dir='ltr'>bus</span> <span class='ocrx_word' id='word_1_36' title='bbox 268 452 332 490; x_wconf 86' lang='lat' dir='ltr'>uel</span> <span class='ocrx_word' id='word_1_37' title='bbox 358 451 653 490; x_wconf 82' lang='lat' dir='ltr'>incursionibus</span> <span class='ocrx_word' id='word_1_38' title='bbox 687 453 905 503; x_wconf 82' lang='lat' dir='ltr'>repentinis</span> <span class='ocrx_word' id='word_1_39' title='bbox 938 464 984 490; x_wconf 85' lang='lat' dir='ltr'>ex</span> <span class='ocrx_word' id='word_1_40' title='bbox 1017 453 1234 503; x_wconf 79' lang='lat' dir='ltr'>occasione,</span> <span class='ocrx_word' id='word_1_41' title='bbox 1261 464 1373 502; x_wconf 87' lang='lat' dir='ltr'>quam</span> <span class='ocrx_word' id='word_1_42' title='bbox 1399 462 1511 489; x_wconf 91' lang='lat' dir='ltr'>num-</span> 
     </span>
     <span class='ocr_line' id='line_1_7' title="bbox 168 510 1513 562; baseline -0.001 -13"><span class='ocrx_word' id='word_1_43' title='bbox 168 523 284 562; x_wconf 83' lang='lat' dir='ltr'>quam</span> <span class='ocrx_word' id='word_1_44' title='bbox 306 511 383 549; x_wconf 85' lang='lat' dir='ltr'>dux</span> <span class='ocrx_word' id='word_1_45' title='bbox 400 512 639 549; x_wconf 81' lang='lat' dir='ltr'>exercitatus</span> <span class='ocrx_word' id='word_1_46' title='bbox 654 512 813 550; x_wconf 87' lang='lat' dir='ltr'>amittit:</span> <span class='ocrx_word' id='word_1_47' title='bbox 834 523 923 549; x_wconf 90' lang='lat' dir='ltr'>nam</span> <span class='ocrx_word' id='word_1_48' title='bbox 944 512 984 549; x_wconf 91' lang='lat' dir='ltr'>in</span> <span class='ocrx_word' id='word_1_49' title='bbox 1004 511 1215 549; x_wconf 83' lang='lat' dir='ltr'>itineribus</span> <span class='ocrx_word' id='word_1_50' title='bbox 1235 512 1312 548; x_wconf 87' lang='lat' dir='ltr'>iam</span> <span class='ocrx_word' id='word_1_51' title='bbox 1333 510 1513 561; x_wconf 84' lang='lat' dir='ltr'>fatigatis,</span> 
     </span>
    </p>

    <p class='ocr_par' dir='ltr' id='par_1_4' title="bbox 167 568 1514 620">
     <span class='ocr_line' id='line_1_8' title="bbox 167 568 1514 620; baseline -0.001 -12"><span class='ocrx_word' id='word_1_52' title='bbox 167 571 207 608; x_wconf 93' lang='lat' dir='ltr'>in</span> <span class='ocrx_word' id='word_1_53' title='bbox 240 570 447 608; x_wconf 74' lang='lat' dir='ltr'>fluminum</span> <span class='ocrx_word' id='word_1_54' title='bbox 480 571 796 620; x_wconf 81' lang='lat' dir='ltr'>transgressione</span> <span class='ocrx_word' id='word_1_55' title='bbox 823 569 974 618; x_wconf 90' lang='lat' dir='ltr'>diuisis,</span> <span class='ocrx_word' id='word_1_56' title='bbox 1000 571 1041 608; x_wconf 92' lang='lat' dir='ltr'>in</span> <span class='ocrx_word' id='word_1_57' title='bbox 1067 568 1275 620; x_wconf 88' lang='lat' dir='ltr'>paludibus</span> <span class='ocrx_word' id='word_1_58' title='bbox 1303 569 1514 620; x_wconf 89' lang='lat' dir='ltr'>occupatis,</span> 
     </span>
    </p>

    <p class='ocr_par' dir='ltr' id='par_1_5' title="bbox 167 628 1514 738">
     <span class='ocr_line' id='line_1_9' title="bbox 167 628 1513 680; baseline -0.001 -14"><span class='ocrx_word' id='word_1_59' title='bbox 167 630 207 667; x_wconf 94' lang='lat' dir='ltr'>in</span> <span class='ocrx_word' id='word_1_60' title='bbox 252 630 355 679; x_wconf 83' lang='lat' dir='ltr'>iugis</span> <span class='ocrx_word' id='word_1_61' title='bbox 394 629 586 667; x_wconf 87' lang='lat' dir='ltr'>montium</span> <span class='ocrx_word' id='word_1_62' title='bbox 624 628 912 680; x_wconf 82' lang='lat' dir='ltr'>laborantibus,</span> <span class='ocrx_word' id='word_1_63' title='bbox 950 630 990 667; x_wconf 91' lang='lat' dir='ltr'>in</span> <span class='ocrx_word' id='word_1_64' title='bbox 1030 629 1177 679; x_wconf 86' lang='lat' dir='ltr'>campis</span> <span class='ocrx_word' id='word_1_65' title='bbox 1216 629 1360 678; x_wconf 82' lang='lat' dir='ltr'>sparsis</span> <span class='ocrx_word' id='word_1_66' title='bbox 1396 632 1513 678; x_wconf 87' lang='lat' dir='ltr'>atque</span> 
     </span>
     <span class='ocr_line' id='line_1_10' title="bbox 169 686 1514 738; baseline -0.002 -12"><span class='ocrx_word' id='word_1_67' title='bbox 169 688 333 738; x_wconf 89' lang='lat' dir='ltr'>securis,</span> <span class='ocrx_word' id='word_1_68' title='bbox 354 689 394 726; x_wconf 94' lang='lat' dir='ltr'>in</span> <span class='ocrx_word' id='word_1_69' title='bbox 410 689 610 726; x_wconf 85' lang='lat' dir='ltr'>mansione</span> <span class='ocrx_word' id='word_1_70' title='bbox 632 687 921 726; x_wconf 85' lang='lat' dir='ltr'>dormientibus</span> <span class='ocrx_word' id='word_1_71' title='bbox 942 693 1181 738; x_wconf 86' lang='lat' dir='ltr'>oportunum</span> <span class='ocrx_word' id='word_1_72' title='bbox 1202 686 1394 737; x_wconf 88' lang='lat' dir='ltr'>proelium</span> <span class='ocrx_word' id='word_1_73' title='bbox 1416 698 1514 724; x_wconf 90' lang='lat' dir='ltr'>sem-</span> 
     </span>
    </p>

    <p class='ocr_par' dir='ltr' id='par_1_6' title="bbox 115 745 1515 856">
     <span class='ocr_line' id='line_1_11' title="bbox 115 745 1515 798; baseline -0.001 -15"><span class='ocrx_word' id='word_1_74' title='bbox 115 756 148 782; x_wconf 88' lang='lat' dir='ltr'>1o</span> <span class='ocrx_word' id='word_1_75' title='bbox 169 758 240 798; x_wconf 84' lang='lat' dir='ltr'>per</span> <span class='ocrx_word' id='word_1_76' title='bbox 261 747 442 798; x_wconf 86' lang='lat' dir='ltr'>insertur,</span> <span class='ocrx_word' id='word_1_77' title='bbox 464 759 553 785; x_wconf 85' lang='lat' dir='ltr'>cum</span> <span class='ocrx_word' id='word_1_78' title='bbox 575 746 659 785; x_wconf 86' lang='lat' dir='ltr'>aliis</span> <span class='ocrx_word' id='word_1_79' title='bbox 680 748 847 797; x_wconf 83' lang='lat' dir='ltr'>negotiis</span> <span class='ocrx_word' id='word_1_80' title='bbox 868 752 1084 797; x_wconf 88' lang='lat' dir='ltr'>occupatus</span> <span class='ocrx_word' id='word_1_81' title='bbox 1104 746 1229 784; x_wconf 87' lang='lat' dir='ltr'>hostis</span> <span class='ocrx_word' id='word_1_82' title='bbox 1248 746 1358 796; x_wconf 85' lang='lat' dir='ltr'>prius</span> <span class='ocrx_word' id='word_1_83' title='bbox 1380 745 1515 783; x_wconf 90' lang='lat' dir='ltr'>interi-</span> 
     </span>
     <span class='ocr_line' id='line_1_12' title="bbox 169 803 1514 856; baseline -0.001 -13"><span class='ocrx_word' id='word_1_84' title='bbox 169 810 310 856; x_wconf 87' lang='lat' dir='ltr'>matur,</span> <span class='ocrx_word' id='word_1_85' title='bbox 332 818 447 856; x_wconf 86' lang='lat' dir='ltr'>quam</span> <span class='ocrx_word' id='word_1_86' title='bbox 468 818 703 856; x_wconf 86' lang='lat' dir='ltr'>praeparare</span> <span class='ocrx_word' id='word_1_87' title='bbox 725 818 765 844; x_wconf 87' lang='lat' dir='ltr'>se</span> <span class='ocrx_word' id='word_1_88' title='bbox 788 807 923 856; x_wconf 86' lang='lat' dir='ltr'>possit.</span> <span class='ocrx_word' id='word_1_89' title='bbox 969 805 1081 851; x_wconf 86' lang='lat' dir='ltr'>Quod</span> <span class='ocrx_word' id='word_1_90' title='bbox 1101 806 1134 843; x_wconf 90' lang='lat' dir='ltr'>si</span> <span class='ocrx_word' id='word_1_91' title='bbox 1154 806 1258 843; x_wconf 87' lang='lat' dir='ltr'>cauti</span> <span class='ocrx_word' id='word_1_92' title='bbox 1279 805 1356 842; x_wconf 87' lang='lat' dir='ltr'>sint</span> <span class='ocrx_word' id='word_1_93' title='bbox 1377 803 1514 842; x_wconf 89' lang='lat' dir='ltr'>aduer-</span> 
     </span>
    </p>

    <p class='ocr_par' dir='ltr' id='par_1_7' title="bbox 170 864 1517 916">
     <span class='ocr_line' id='line_1_13' title="bbox 170 864 1517 916; baseline -0.002 -13"><span class='ocrx_word' id='word_1_94' title='bbox 170 866 263 903; x_wconf 91' lang='lat' dir='ltr'>sarii</span> <span class='ocrx_word' id='word_1_95' title='bbox 284 870 323 903; x_wconf 87' lang='lat' dir='ltr'>et</span> <span class='ocrx_word' id='word_1_96' title='bbox 343 864 575 903; x_wconf 84' lang='lat' dir='ltr'>insidiarum</span> <span class='ocrx_word' id='word_1_97' title='bbox 598 864 702 903; x_wconf 89' lang='lat' dir='ltr'>nulla</span> <span class='ocrx_word' id='word_1_98' title='bbox 724 866 774 903; x_wconf 90' lang='lat' dir='ltr'>sit</span> <span class='ocrx_word' id='word_1_99' title='bbox 794 866 917 916; x_wconf 86' lang='lat' dir='ltr'>copia,</span> <span class='ocrx_word' id='word_1_100' title='bbox 938 869 1032 903; x_wconf 90' lang='lat' dir='ltr'>tunc</span> <span class='ocrx_word' id='word_1_101' title='bbox 1057 864 1267 902; x_wconf 88' lang='lat' dir='ltr'>aduersum</span> <span class='ocrx_word' id='word_1_102' title='bbox 1288 869 1517 913; x_wconf 83' lang='lat' dir='ltr'>praesentes</span> 
     </span>
    </p>

    <p class='ocr_par' dir='ltr' id='par_1_8' title="bbox 28 921 1520 1153">
     <span class='ocr_line' id='line_1_14' title="bbox 41 921 1516 975; baseline -0.002 -13"><span class='ocrx_word' id='word_1_103' title='bbox 41 949 142 975; x_wconf 55' lang='lat' dir='ltr'>Quibus</span> <span class='ocrx_word' id='word_1_104' title='bbox 161 950 284 970; x_wconf 59' lang='lat' dir='ltr'>remeans</span> <span class='ocrx_word' id='word_1_105' title='bbox 314 926 483 962; x_wconf 87' lang='lat' dir='ltr'>scientes</span> <span class='ocrx_word' id='word_1_106' title='bbox 493 924 674 962; x_wconf 86' lang='lat' dir='ltr'>uidentes</span> <span class='ocrx_word' id='word_1_107' title='bbox 687 936 808 974; x_wconf 85' lang='lat' dir='ltr'>aequa</span> <span class='ocrx_word' id='word_1_108' title='bbox 822 924 1052 962; x_wconf 85' lang='lat' dir='ltr'>condicione</span> <span class='ocrx_word' id='word_1_109' title='bbox 1064 928 1273 974; x_wconf 82' lang='lat' dir='ltr'>pugnatur.</span> <span class='ocrx_word' id='word_1_110' title='bbox 1287 921 1516 961; x_wconf 87' lang='lat' dir='ltr'>XVIIII.Ta-</span> 
     </span>
     <span class='ocr_line' id='line_1_15' title="bbox 28 979 1519 1032; baseline -0.002 -11"><span class='ocrx_word' id='word_1_111' title='bbox 28 980 143 1029; x_wconf 49' lang='grc' dir='ltr'>ζζζᾟιξᾈ</span> <span class='ocrx_word' id='word_1_112' title='bbox 156 979 304 1030; x_wconf 52' lang='grc' dir='ltr'>ἳῖζίεᾷἳξξξ</span> <span class='ocrx_word' id='word_1_113' title='bbox 318 995 407 1021; x_wconf 89' lang='lat' dir='ltr'>men</span> <span class='ocrx_word' id='word_1_114' title='bbox 429 995 491 1021; x_wconf 90' lang='lat' dir='ltr'>ars</span> <span class='ocrx_word' id='word_1_115' title='bbox 512 982 603 1021; x_wconf 88' lang='lat' dir='ltr'>belli</span> <span class='ocrx_word' id='word_1_116' title='bbox 625 995 702 1021; x_wconf 92' lang='lat' dir='ltr'>non</span> <span class='ocrx_word' id='word_1_117' title='bbox 723 984 852 1021; x_wconf 87' lang='lat' dir='ltr'>minus</span> <span class='ocrx_word' id='word_1_118' title='bbox 873 983 913 1020; x_wconf 92' lang='lat' dir='ltr'>in</span> <span class='ocrx_word' id='word_1_119' title='bbox 940 982 1014 1020; x_wconf 90' lang='lat' dir='ltr'>hoc</span> <span class='ocrx_word' id='word_1_120' title='bbox 1038 988 1174 1032; x_wconf 82' lang='lat' dir='ltr'>aperto</span> <span class='ocrx_word' id='word_1_121' title='bbox 1195 981 1381 1020; x_wconf 85' lang='lat' dir='ltr'>conflictu</span> <span class='ocrx_word' id='word_1_122' title='bbox 1402 992 1519 1031; x_wconf 90' lang='lat' dir='ltr'>quam</span> 
     </span>
     <span class='ocr_line' id='line_1_16' title="bbox 29 1038 1520 1080; baseline -0.002 0"><span class='ocrx_word' id='word_1_123' title='bbox 29 1039 55 1059; x_wconf 57' lang='lat'>*¹¹</span> <span class='ocrx_word' id='word_1_124' title='bbox 72 1039 135 1059; x_wconf 65' lang='lat'>²⁰³⁹·</span> <span class='ocrx_word' id='word_1_125' title='bbox 313 1044 353 1080; x_wconf 91' lang='lat' dir='ltr'>in</span> <span class='ocrx_word' id='word_1_126' title='bbox 374 1041 539 1080; x_wconf 88' lang='lat' dir='ltr'>occultis</span> <span class='ocrx_word' id='word_1_127' title='bbox 561 1041 765 1080; x_wconf 87' lang='lat' dir='ltr'>fraudibus</span> <span class='ocrx_word' id='word_1_128' title='bbox 793 1041 952 1080; x_wconf 84' lang='lat' dir='ltr'>adiuuat</span> <span class='ocrx_word' id='word_1_129' title='bbox 973 1041 1159 1080; x_wconf 89' lang='lat' dir='ltr'>eruditos.</span> <span class='ocrx_word' id='word_1_130' title='bbox 1205 1039 1433 1079; x_wconf 88' lang='lat' dir='ltr'>Cauendum</span> <span class='ocrx_word' id='word_1_131' title='bbox 1457 1038 1520 1077; x_wconf 90' lang='lat' dir='ltr'>uel</span> 
     </span>
     <span class='ocr_line' id='line_1_17' title="bbox 168 1099 1520 1153; baseline -0.002 -14"><span class='ocrx_word' id='word_1_132' title='bbox 168 1102 347 1153; x_wconf 87' lang='lat' dir='ltr'>maxime,</span> <span class='ocrx_word' id='word_1_133' title='bbox 363 1113 412 1139; x_wconf 90' lang='lat' dir='ltr'>ne</span> <span class='ocrx_word' id='word_1_134' title='bbox 433 1100 479 1139; x_wconf 90' lang='lat' dir='ltr'>ab</span> <span class='ocrx_word' id='word_1_135' title='bbox 502 1100 559 1139; x_wconf 88' lang='lat' dir='ltr'>ala</span> <span class='ocrx_word' id='word_1_136' title='bbox 581 1113 784 1151; x_wconf 89' lang='lat' dir='ltr'>cornuque</span> <span class='ocrx_word' id='word_1_137' title='bbox 807 1102 980 1151; x_wconf 82' lang='lat' dir='ltr'>sinistro,</span> <span class='ocrx_word' id='word_1_138' title='bbox 996 1099 1098 1150; x_wconf 87' lang='lat' dir='ltr'>quod</span> <span class='ocrx_word' id='word_1_139' title='bbox 1120 1100 1276 1150; x_wconf 84' lang='lat' dir='ltr'>saepius</span> <span class='ocrx_word' id='word_1_140' title='bbox 1293 1099 1437 1149; x_wconf 87' lang='lat' dir='ltr'>euenit,</span> <span class='ocrx_word' id='word_1_141' title='bbox 1453 1104 1520 1136; x_wconf 90' lang='lat' dir='ltr'>aut</span> 
     </span>
    </p>

    <p class='ocr_par' dir='ltr' id='par_1_9' title="bbox 169 1157 1520 1210">
     <span class='ocr_line' id='line_1_18' title="bbox 169 1157 1520 1210; baseline -0.003 -12"><span class='ocrx_word' id='word_1_142' title='bbox 169 1167 276 1199; x_wconf 88' lang='lat' dir='ltr'>certe</span> <span class='ocrx_word' id='word_1_143' title='bbox 298 1160 449 1210; x_wconf 82' lang='lat' dir='ltr'>dextro,</span> <span class='ocrx_word' id='word_1_144' title='bbox 478 1160 580 1210; x_wconf 87' lang='lat' dir='ltr'>quod</span> <span class='ocrx_word' id='word_1_145' title='bbox 608 1159 700 1198; x_wconf 87' lang='lat' dir='ltr'>licet</span> <span class='ocrx_word' id='word_1_146' title='bbox 726 1172 815 1197; x_wconf 88' lang='lat' dir='ltr'>raro</span> <span class='ocrx_word' id='word_1_147' title='bbox 843 1160 1048 1210; x_wconf 83' lang='lat' dir='ltr'>contingit,</span> <span class='ocrx_word' id='word_1_148' title='bbox 1076 1159 1440 1197; x_wconf 84' lang='lat' dir='ltr'>circumueniantur</span> <span class='ocrx_word' id='word_1_149' title='bbox 1461 1157 1520 1195; x_wconf 88' lang='lat' dir='ltr'>tui</span> 
     </span>
    </p>
   </div>
   <div class='ocr_carea' id='block_1_3' title="bbox 168 1216 1519 1269">
    <p class='ocr_par' dir='ltr' id='par_1_10' title="bbox 168 1216 1519 1269">
     <span class='ocr_line' id='line_1_19' title="bbox 168 1216 1519 1269; baseline -0.002 -12"><span class='ocrx_word' id='word_1_150' title='bbox 168 1231 189 1257; x_wconf 87' lang='lat' dir='ltr'>a</span> <span class='ocrx_word' id='word_1_151' title='bbox 215 1218 468 1258; x_wconf 86' lang='lat' dir='ltr'>multitudine</span> <span class='ocrx_word' id='word_1_152' title='bbox 496 1218 668 1257; x_wconf 89' lang='lat' dir='ltr'>hostium</span> <span class='ocrx_word' id='word_1_153' title='bbox 697 1223 763 1257; x_wconf 87' lang='lat' dir='ltr'>aut</span> <span class='ocrx_word' id='word_1_154' title='bbox 790 1231 810 1256; x_wconf 87' lang='lat' dir='ltr'>a</span> <span class='ocrx_word' id='word_1_155' title='bbox 831 1217 1066 1269; x_wconf 83' lang='lat' dir='ltr'>uagantibus</span> <span class='ocrx_word' id='word_1_156' title='bbox 1092 1217 1230 1269; x_wconf 83' lang='lat' dir='ltr'>globis,</span> <span class='ocrx_word' id='word_1_157' title='bbox 1256 1229 1355 1268; x_wconf 89' lang='lat' dir='ltr'>quos</span> <span class='ocrx_word' id='word_1_158' title='bbox 1382 1216 1519 1254; x_wconf 86' lang='lat' dir='ltr'>dicunt</span> 
     </span>
    </p>
   </div>
   <div class='ocr_carea' id='block_1_4' title="bbox 167 1341 1527 2051">
    <p class='ocr_par' dir='ltr' id='par_1_11' title="bbox 167 1341 1522 1625">
     <span class='ocr_line' id='line_1_20' title="bbox 191 1341 1518 1380; baseline -0.003 -1"><span class='ocrx_word' id='word_1_159' title='bbox 191 1344 234 1379; x_wconf 89' lang='lat' dir='ltr'>V.</span> <span class='ocrx_word' id='word_1_160' title='bbox 257 1344 294 1380; x_wconf 92' lang='lat' dir='ltr'>L.</span> <span class='ocrx_word' id='word_1_161' title='bbox 349 1349 365 1378; x_wconf 92' lang='lat'>1</span> <span class='ocrx_word' id='word_1_162' title='bbox 390 1344 559 1379; x_wconf 84' lang='lat' dir='ltr'>ordinare</span> <span class='ocrx_word' id='word_1_163' title='bbox 581 1357 597 1378; x_wconf 82' lang='grc' dir='ltr'><em>ε</em></span> <span class='ocrx_word' id='word_1_164' title='bbox 660 1343 747 1378; x_wconf 86' lang='lat' dir='ltr'>hinc</span> <span class='ocrx_word' id='word_1_165' title='bbox 763 1343 833 1377; x_wconf 86' lang='lat' dir='ltr'>VP</span> <span class='ocrx_word' id='word_1_166' title='bbox 858 1343 1009 1378; x_wconf 74' lang='lat' dir='ltr'>Fo&#39;rster</span> <span class='ocrx_word' id='word_1_167' title='bbox 1028 1341 1115 1377; x_wconf 86' lang='lat' dir='ltr'>huic</span> <span class='ocrx_word' id='word_1_168' title='bbox 1137 1342 1194 1377; x_wconf 59' lang='lat' dir='ltr'>&amp;D</span> <span class='ocrx_word' id='word_1_169' title='bbox 1213 1342 1310 1376; x_wconf 87' lang='lat' dir='ltr'>hunc</span> <span class='ocrx_word' id='word_1_170' title='bbox 1330 1344 1369 1376; x_wconf 91' lang='grc' dir='ltr'><em>Π</em></span> <span class='ocrx_word' id='word_1_171' title='bbox 1417 1344 1439 1375; x_wconf 85' lang='grc'>4</span> <span class='ocrx_word' id='word_1_172' title='bbox 1459 1353 1518 1375; x_wconf 85' lang='lat' dir='ltr'>ex-</span> 
     </span>
     <span class='ocr_line' id='line_1_21' title="bbox 168 1388 1521 1437; baseline -0.003 -11"><span class='ocrx_word' id='word_1_173' title='bbox 168 1392 305 1437; x_wconf 80' lang='lat' dir='ltr'>ceptis]</span> <span class='ocrx_word' id='word_1_174' title='bbox 335 1393 379 1426; x_wconf 74' lang='lat' dir='ltr'>ab</span> <span class='ocrx_word' id='word_1_175' title='bbox 405 1393 470 1426; x_wconf 78' lang='lat' dir='ltr'>hoe</span> <span class='ocrx_word' id='word_1_176' title='bbox 495 1392 672 1426; x_wconf 77' lang='lat' dir='ltr'>uocabulo</span> <span class='ocrx_word' id='word_1_177' title='bbox 698 1402 725 1426; x_wconf 82' lang='lat' dir='ltr'>c.</span> <span class='ocrx_word' id='word_1_178' title='bbox 750 1391 938 1425; x_wconf 85' lang='lat' dir='ltr'><em>XVIIII</em></span> <span class='ocrx_word' id='word_1_179' title='bbox 961 1391 1147 1434; x_wconf 72' lang='lat' dir='ltr'>incipiunt</span> <span class='ocrx_word' id='word_1_180' title='bbox 1176 1390 1215 1431; x_wconf 79' lang='grc' dir='ltr'>Ο,</span> <span class='ocrx_word' id='word_1_181' title='bbox 1242 1390 1284 1423; x_wconf 63' lang='lat' dir='ltr'>ira</span> <span class='ocrx_word' id='word_1_182' title='bbox 1311 1402 1326 1423; x_wconf 80' lang='grc' dir='ltr'><em>ε</em></span> <span class='ocrx_word' id='word_1_183' title='bbox 1354 1388 1521 1432; x_wconf 78' lang='lat' dir='ltr'>exeeptis</span> 
     </span>
     <span class='ocr_line' id='line_1_22' title="bbox 168 1435 1516 1482; baseline -0.004 -8"><span class='ocrx_word' id='word_1_184' title='bbox 168 1460 211 1465; x_wconf 99' lang='lat'>—</span> <span class='ocrx_word' id='word_1_185' title='bbox 245 1440 386 1474; x_wconf 77' lang='lat' dir='ltr'>amittit</span> <span class='ocrx_word' id='word_1_186' title='bbox 416 1440 586 1474; x_wconf 73' lang='lat' dir='ltr'>rubricae</span> <span class='ocrx_word' id='word_1_187' title='bbox 617 1439 789 1480; x_wconf 67' lang='lat' dir='ltr'>adrzeoeis;</span> <span class='ocrx_word' id='word_1_188' title='bbox 821 1439 980 1472; x_wconf 71' lang='lat' dir='ltr'>mutauit</span> <span class='ocrx_word' id='word_1_189' title='bbox 1005 1438 1134 1482; x_wconf 49' lang='lat' dir='ltr'>Larem</span> <span class='ocrx_word' id='word_1_190' title='bbox 1168 1437 1260 1482; x_wconf 82' lang='lat' dir='ltr'>[exc.</span> <span class='ocrx_word' id='word_1_191' title='bbox 1288 1456 1331 1461; x_wconf 93' lang='lat'><strong>—</strong></span> <span class='ocrx_word' id='word_1_192' title='bbox 1359 1435 1516 1481; x_wconf 78' lang='lat' dir='ltr'>amittit]</span> 
     </span>
     <span class='ocr_line' id='line_1_23' title="bbox 168 1484 1516 1531; baseline -0.003 -10"><span class='ocrx_word' id='word_1_193' title='bbox 168 1486 246 1522; x_wconf 77' lang='lat' dir='ltr'>Ser.</span> <span class='ocrx_word' id='word_1_194' title='bbox 274 1488 315 1521; x_wconf 69' lang='lat' dir='ltr'>m</span> <span class='ocrx_word' id='word_1_195' title='bbox 341 1487 558 1531; x_wconf 69' lang='lat' dir='ltr'>quibusdam</span> <span class='ocrx_word' id='word_1_196' title='bbox 591 1487 694 1521; x_wconf 70' lang='lat' dir='ltr'>libris</span> <span class='ocrx_word' id='word_1_197' title='bbox 726 1486 847 1520; x_wconf 81' lang='lat' dir='ltr'>eadem</span> <span class='ocrx_word' id='word_1_198' title='bbox 875 1486 1105 1529; x_wconf 68' lang='lat' dir='ltr'>praecedenti</span> <span class='ocrx_word' id='word_1_199' title='bbox 1137 1485 1251 1528; x_wconf 73' lang='lat' dir='ltr'>capiti</span> <span class='ocrx_word' id='word_1_200' title='bbox 1284 1484 1428 1518; x_wconf 68' lang='lat' dir='ltr'>adnecti</span> <span class='ocrx_word' id='word_1_201' title='bbox 1453 1484 1516 1518; x_wconf 83' lang='lat' dir='ltr'>ad-</span> 
     </span>
     <span class='ocr_line' id='line_1_24' title="bbox 167 1530 1522 1578; baseline -0.003 -10"><span class='ocrx_word' id='word_1_202' title='bbox 167 1545 286 1568; x_wconf 68' lang='lat' dir='ltr'>serens</span> <span class='ocrx_word' id='word_1_203' title='bbox 391 1537 410 1567; x_wconf 83' lang='lat'>6</span> <span class='ocrx_word' id='word_1_204' title='bbox 437 1533 539 1578; x_wconf 80' lang='lat' dir='ltr'>nam]</span> <span class='ocrx_word' id='word_1_205' title='bbox 574 1533 647 1566; x_wconf 78' lang='lat' dir='ltr'>iani</span> <span class='ocrx_word' id='word_1_206' title='bbox 681 1533 866 1568; x_wconf 70' lang='lat' dir='ltr'>Schwebel.</span> <span class='ocrx_word' id='word_1_207' title='bbox 900 1533 996 1576; x_wconf 76' lang='lat' dir='ltr'>quod</span> <span class='ocrx_word' id='word_1_208' title='bbox 1026 1532 1188 1575; x_wconf 73' lang='lat' dir='ltr'>sequitur</span> <span class='ocrx_word' id='word_1_209' title='bbox 1218 1530 1293 1565; x_wconf 83' lang='lat' dir='ltr'>iam</span> <span class='ocrx_word' id='word_1_210' title='bbox 1324 1531 1451 1565; x_wconf 70' lang='lat' dir='ltr'>omisso</span> <span class='ocrx_word' id='word_1_211' title='bbox 1478 1541 1522 1564; x_wconf 72' lang='lat' dir='ltr'>eoe</span> 
     </span>
     <span class='ocr_line' id='line_1_25' title="bbox 168 1577 1520 1625; baseline -0.004 -9"><span class='ocrx_word' id='word_1_212' title='bbox 168 1582 303 1623; x_wconf 63' lang='lat' dir='ltr'>codice,</span> <span class='ocrx_word' id='word_1_213' title='bbox 330 1592 432 1625; x_wconf 75' lang='lat' dir='ltr'>quem</span> <span class='ocrx_word' id='word_1_214' title='bbox 463 1581 554 1615; x_wconf 63' lang='lat' dir='ltr'>dicit</span> <span class='ocrx_word' id='word_1_215' title='bbox 588 1580 839 1625; x_wconf 67' lang='lat' dir='ltr'>Guelplwrbyt.</span> <span class='ocrx_word' id='word_1_216' title='bbox 866 1579 902 1613; x_wconf 91' lang='lat' dir='ltr'><em>B</em></span> <span class='ocrx_word' id='word_1_217' title='bbox 1007 1582 1027 1613; x_wconf 83' lang='lat'>8</span> <span class='ocrx_word' id='word_1_218' title='bbox 1058 1578 1128 1625; x_wconf 90' lang='lat' dir='ltr'>[in]</span> <span class='ocrx_word' id='word_1_219' title='bbox 1162 1578 1223 1612; x_wconf 79' lang='grc' dir='ltr'>ὃΡ</span> <span class='ocrx_word' id='word_1_220' title='bbox 1315 1577 1478 1623; x_wconf 81' lang='lat' dir='ltr'>exparsis</span> <span class='ocrx_word' id='word_1_221' title='bbox 1504 1589 1520 1611; x_wconf 80' lang='grc' dir='ltr'><em>ε</em></span> 
     </span>
    </p>

    <p class='ocr_par' dir='ltr' id='par_1_12' title="bbox 168 1624 1525 1767">
     <span class='ocr_line' id='line_1_26' title="bbox 264 1624 1521 1672; baseline -0.002 -10"><span class='ocrx_word' id='word_1_222' title='bbox 264 1633 284 1663; x_wconf 83' lang='grc'>9</span> <span class='ocrx_word' id='word_1_223' title='bbox 311 1628 369 1662; x_wconf 85' lang='lat' dir='ltr'>Ab</span> <span class='ocrx_word' id='word_1_224' title='bbox 403 1629 573 1672; x_wconf 73' lang='lat' dir='ltr'>oportun.</span> <span class='ocrx_word' id='word_1_225' title='bbox 607 1636 660 1672; x_wconf 84' lang='lat' dir='ltr'>pr.</span> <span class='ocrx_word' id='word_1_226' title='bbox 694 1628 788 1672; x_wconf 75' lang='lat' dir='ltr'>quod</span> <span class='ocrx_word' id='word_1_227' title='bbox 821 1628 955 1671; x_wconf 71' lang='lat' dir='ltr'>incipit</span> <span class='ocrx_word' id='word_1_228' title='bbox 984 1627 1115 1670; x_wconf 78' lang='lat' dir='ltr'>folium</span> <span class='ocrx_word' id='word_1_229' title='bbox 1139 1628 1183 1660; x_wconf 79' lang='lat'>41</span> <span class='ocrx_word' id='word_1_230' title='bbox 1217 1626 1293 1660; x_wconf 81' lang='lat' dir='ltr'>cod.</span> <span class='ocrx_word' id='word_1_231' title='bbox 1318 1624 1351 1659; x_wconf 77' lang='lat' dir='ltr'><strong><em>G</em></strong></span> <span class='ocrx_word' id='word_1_232' title='bbox 1377 1636 1456 1660; x_wconf 80' lang='lat' dir='ltr'>eum</span> <span class='ocrx_word' id='word_1_233' title='bbox 1481 1625 1521 1659; x_wconf 74' lang='lat' dir='ltr'>in</span> 
     </span>
     <span class='ocr_line' id='line_1_27' title="bbox 168 1673 1522 1719; baseline -0.003 -9"><span class='ocrx_word' id='word_1_234' title='bbox 168 1676 313 1711; x_wconf 75' lang='lat' dir='ltr'>modurn</span> <span class='ocrx_word' id='word_1_235' title='bbox 334 1676 530 1710; x_wconf 67' lang='lat' dir='ltr'>abscissum</span> <span class='ocrx_word' id='word_1_236' title='bbox 551 1678 612 1718; x_wconf 74' lang='lat' dir='ltr'>est,</span> <span class='ocrx_word' id='word_1_237' title='bbox 639 1678 679 1709; x_wconf 80' lang='lat' dir='ltr'>ut</span> <span class='ocrx_word' id='word_1_238' title='bbox 704 1686 818 1719; x_wconf 75' lang='lat' dir='ltr'>supra</span> <span class='ocrx_word' id='word_1_239' title='bbox 844 1678 977 1718; x_wconf 71' lang='lat' dir='ltr'>quarta</span> <span class='ocrx_word' id='word_1_240' title='bbox 998 1674 1102 1716; x_wconf 71' lang='lat' dir='ltr'>infra</span> <span class='ocrx_word' id='word_1_241' title='bbox 1128 1674 1196 1708; x_wconf 70' lang='lat' dir='ltr'>uico</span> <span class='ocrx_word' id='word_1_242' title='bbox 1220 1676 1323 1707; x_wconf 72' lang='lat' dir='ltr'>seoeta</span> <span class='ocrx_word' id='word_1_243' title='bbox 1348 1673 1522 1716; x_wconf 71' lang='lat' dir='ltr'>cuiusque</span> 
     </span>
     <span class='ocr_line' id='line_1_28' title="bbox 169 1719 1525 1767; baseline -0.004 -9"><span class='ocrx_word' id='word_1_244' title='bbox 169 1734 296 1758; x_wconf 73' lang='lat' dir='ltr'>uersus</span> <span class='ocrx_word' id='word_1_245' title='bbox 320 1733 408 1767; x_wconf 77' lang='lat' dir='ltr'>pars</span> <span class='ocrx_word' id='word_1_246' title='bbox 433 1726 537 1757; x_wconf 75' lang='lat' dir='ltr'>restet</span> <span class='ocrx_word' id='word_1_247' title='bbox 613 1726 655 1756; x_wconf 90' lang='lat'>10</span> <span class='ocrx_word' id='word_1_248' title='bbox 683 1722 883 1766; x_wconf 82' lang='lat' dir='ltr'>occupatur</span> <span class='ocrx_word' id='word_1_249' title='bbox 909 1720 1032 1755; x_wconf 85' lang='lat' dir='ltr'>hostes</span> <span class='ocrx_word' id='word_1_250' title='bbox 1048 1733 1063 1755; x_wconf 80' lang='grc' dir='ltr'><em>ε</em></span> <span class='ocrx_word' id='word_1_251' title='bbox 1090 1721 1319 1765; x_wconf 77' lang='lat' dir='ltr'>occupantur</span> <span class='ocrx_word' id='word_1_252' title='bbox 1345 1719 1470 1754; x_wconf 79' lang='lat' dir='ltr'>hostes</span> <span class='ocrx_word' id='word_1_253' title='bbox 1485 1721 1525 1753; x_wconf 89' lang='lat' dir='ltr'><strong><em>H</em></strong></span> 
     </span>
    </p>

    <p class='ocr_par' dir='ltr' id='par_1_13' title="bbox 170 1766 1524 1909">
     <span class='ocr_line' id='line_1_29' title="bbox 265 1766 1520 1811; baseline -0.003 -7"><span class='ocrx_word' id='word_1_254' title='bbox 265 1770 526 1804; x_wconf 72' lang='lat' dir='ltr'>interimantur</span> <span class='ocrx_word' id='word_1_255' title='bbox 552 1771 591 1803; x_wconf 90' lang='grc' dir='ltr'><strong>Π</strong></span> <span class='ocrx_word' id='word_1_256' title='bbox 621 1768 910 1803; x_wconf 73' lang='lat' dir='ltr'>interminantur</span> <span class='ocrx_word' id='word_1_257' title='bbox 936 1781 951 1803; x_wconf 83' lang='grc' dir='ltr'><em>ε</em></span> <span class='ocrx_word' id='word_1_258' title='bbox 985 1769 1180 1803; x_wconf 84' lang='lat' dir='ltr'>intimatur</span> <span class='ocrx_word' id='word_1_259' title='bbox 1207 1768 1243 1801; x_wconf 91' lang='lat' dir='ltr'><em>P</em></span> <span class='ocrx_word' id='word_1_260' title='bbox 1364 1770 1405 1801; x_wconf 88' lang='lat'>11</span> <span class='ocrx_word' id='word_1_261' title='bbox 1439 1766 1520 1811; x_wconf 85' lang='lat' dir='ltr'>pos-</span> 
     </span>
     <span class='ocr_line' id='line_1_30' title="bbox 170 1813 1427 1861; baseline -0.003 -10"><span class='ocrx_word' id='word_1_262' title='bbox 170 1817 215 1851; x_wconf 86' lang='lat' dir='ltr'>sit</span> <span class='ocrx_word' id='word_1_263' title='bbox 241 1818 300 1853; x_wconf 83' lang='grc' dir='ltr'>δΡ</span> <span class='ocrx_word' id='word_1_264' title='bbox 329 1816 466 1861; x_wconf 82' lang='lat' dir='ltr'>possint</span> <span class='ocrx_word' id='word_1_265' title='bbox 492 1818 532 1850; x_wconf 83' lang='lat' dir='ltr'><em>H</em></span> <span class='ocrx_word' id='word_1_266' title='bbox 560 1816 705 1861; x_wconf 81' lang='lat' dir='ltr'>possent</span> <span class='ocrx_word' id='word_1_267' title='bbox 732 1829 747 1850; x_wconf 75' lang='grc' dir='ltr'><em>ε</em></span> <span class='ocrx_word' id='word_1_268' title='bbox 847 1816 927 1849; x_wconf 85' lang='lat' dir='ltr'>sunt</span> <span class='ocrx_word' id='word_1_269' title='bbox 954 1816 1035 1850; x_wconf 78' lang='grc' dir='ltr'>εὸΡ</span> <span class='ocrx_word' id='word_1_270' title='bbox 1136 1819 1177 1849; x_wconf 83' lang='grc'>12</span> <span class='ocrx_word' id='word_1_271' title='bbox 1205 1813 1380 1849; x_wconf 83' lang='lat' dir='ltr'>aduersus</span> <span class='ocrx_word' id='word_1_272' title='bbox 1400 1826 1427 1847; x_wconf 84' lang='grc' dir='ltr'><em>π</em></span> 
     </span>
     <span class='ocr_line' id='line_1_31' title="bbox 171 1861 1524 1909; baseline -0.004 -10"><span class='ocrx_word' id='word_1_273' title='bbox 171 1865 253 1900; x_wconf 76' lang='lat' dir='ltr'>CAP.</span> <span class='ocrx_word' id='word_1_274' title='bbox 280 1864 429 1899; x_wconf 81' lang='lat' dir='ltr'>XVIIII.</span> <span class='ocrx_word' id='word_1_275' title='bbox 501 1869 545 1897; x_wconf 73' lang='lat'>15</span> <span class='ocrx_word' id='word_1_276' title='bbox 574 1864 668 1909; x_wconf 88' lang='lat' dir='ltr'>[uel]</span> <span class='ocrx_word' id='word_1_277' title='bbox 695 1864 758 1897; x_wconf 79' lang='grc' dir='ltr'>δΡ</span> <span class='ocrx_word' id='word_1_278' title='bbox 826 1868 867 1898; x_wconf 83' lang='grc'>17</span> <span class='ocrx_word' id='word_1_279' title='bbox 898 1863 1016 1908; x_wconf 83' lang='lat' dir='ltr'>[licet]</span> <span class='ocrx_word' id='word_1_280' title='bbox 1045 1863 1157 1907; x_wconf 63' lang='lat' dir='ltr'>uulgao</span> <span class='ocrx_word' id='word_1_281' title='bbox 1226 1861 1326 1907; x_wconf 82' lang='lat' dir='ltr'>raro]</span> <span class='ocrx_word' id='word_1_282' title='bbox 1353 1861 1459 1895; x_wconf 86' lang='lat' dir='ltr'>tarde</span> <span class='ocrx_word' id='word_1_283' title='bbox 1485 1863 1524 1894; x_wconf 87' lang='lat' dir='ltr'><em>H</em></span> 
     </span>
    </p>

    <p class='ocr_par' dir='ltr' id='par_1_14' title="bbox 171 1908 1527 2051">
     <span class='ocr_line' id='line_1_32' title="bbox 267 1908 1523 1956; baseline -0.004 -10"><span class='ocrx_word' id='word_1_284' title='bbox 267 1911 452 1956; x_wconf 81' lang='lat' dir='ltr'>contingit</span> <span class='ocrx_word' id='word_1_285' title='bbox 477 1913 533 1945; x_wconf 79' lang='grc' dir='ltr'>Πλ</span> <span class='ocrx_word' id='word_1_286' title='bbox 560 1911 753 1955; x_wconf 81' lang='lat' dir='ltr'>continget</span> <span class='ocrx_word' id='word_1_287' title='bbox 778 1924 802 1944; x_wconf 76' lang='grc' dir='ltr'><em>α</em></span> <span class='ocrx_word' id='word_1_288' title='bbox 829 1911 1023 1954; x_wconf 82' lang='lat' dir='ltr'>contingat</span> <span class='ocrx_word' id='word_1_289' title='bbox 1049 1910 1086 1945; x_wconf 89' lang='lat' dir='ltr'><strong><em>P</em></strong></span> <span class='ocrx_word' id='word_1_290' title='bbox 1108 1908 1266 1953; x_wconf 75' lang='lat' dir='ltr'>contigit</span> <span class='ocrx_word' id='word_1_291' title='bbox 1292 1910 1314 1943; x_wconf 83' lang='grc' dir='ltr'><em>δ</em></span> <span class='ocrx_word' id='word_1_292' title='bbox 1389 1911 1430 1942; x_wconf 85' lang='grc'>18</span> <span class='ocrx_word' id='word_1_293' title='bbox 1458 1908 1523 1941; x_wconf 83' lang='lat' dir='ltr'>aut</span> 
     </span>
     <span class='ocr_line' id='line_1_33' title="bbox 171 1954 1527 2004; baseline -0.004 -11"><span class='ocrx_word' id='word_1_294' title='bbox 171 1971 192 1994; x_wconf 79' lang='lat' dir='ltr'>a</span> <span class='ocrx_word' id='word_1_295' title='bbox 218 1958 445 2004; x_wconf 79' lang='lat' dir='ltr'>uagantibus</span> <span class='ocrx_word' id='word_1_296' title='bbox 468 1957 592 2002; x_wconf 85' lang='lat' dir='ltr'>globis</span> <span class='ocrx_word' id='word_1_297' title='bbox 614 1958 674 1992; x_wconf 81' lang='grc' dir='ltr'>ὃΡ</span> <span class='ocrx_word' id='word_1_298' title='bbox 696 1959 761 1992; x_wconf 79' lang='lat' dir='ltr'>aut</span> <span class='ocrx_word' id='word_1_299' title='bbox 787 1958 832 1992; x_wconf 84' lang='lat' dir='ltr'>ab</span> <span class='ocrx_word' id='word_1_300' title='bbox 858 1957 1098 1992; x_wconf 82' lang='lat' dir='ltr'>hortantibus</span> <span class='ocrx_word' id='word_1_301' title='bbox 1118 1957 1167 2002; x_wconf 88' lang='lat' dir='ltr'>gl.</span> <span class='ocrx_word' id='word_1_302' title='bbox 1189 1958 1228 1990; x_wconf 88' lang='lat' dir='ltr'><em>H</em></span> <span class='ocrx_word' id='word_1_303' title='bbox 1251 1967 1273 1990; x_wconf 86' lang='lat' dir='ltr'>a</span> <span class='ocrx_word' id='word_1_304' title='bbox 1298 1954 1527 2000; x_wconf 75' lang='lat' dir='ltr'>uagantibus</span> 
     </span>
     <span class='ocr_line' id='line_1_34' title="bbox 172 2005 599 2051; baseline 0 -11"><span class='ocrx_word' id='word_1_305' title='bbox 172 2009 263 2050; x_wconf 82' lang='lat' dir='ltr'>(uae.</span> <span class='ocrx_word' id='word_1_306' title='bbox 286 2009 323 2051; x_wconf 84' lang='grc' dir='ltr'>μ)</span> <span class='ocrx_word' id='word_1_307' title='bbox 352 2007 417 2040; x_wconf 79' lang='lat' dir='ltr'>aut</span> <span class='ocrx_word' id='word_1_308' title='bbox 442 2005 565 2050; x_wconf 84' lang='lat' dir='ltr'>globis</span> <span class='ocrx_word' id='word_1_309' title='bbox 584 2018 599 2040; x_wconf 83' lang='grc' dir='ltr'><em>ε</em></span> 
     </span>
    </p>
   </div>
   <div class='ocr_carea' id='block_1_5' title="bbox 169 2120 1522 2406">
    <p class='ocr_par' dir='ltr' id='par_1_15' title="bbox 169 2120 1522 2261">
     <span class='ocr_line' id='line_1_35' title="bbox 196 2120 1522 2167; baseline -0.003 -8"><span class='ocrx_word' id='word_1_310' title='bbox 196 2125 229 2159; x_wconf 81' lang='lat' dir='ltr'>S.</span> <span class='ocrx_word' id='word_1_311' title='bbox 258 2125 297 2158; x_wconf 93' lang='lat' dir='ltr'>L.</span> <span class='ocrx_word' id='word_1_312' title='bbox 374 2128 395 2158; x_wconf 85' lang='lat'>4</span> <span class='ocrx_word' id='word_1_313' title='bbox 422 2123 576 2159; x_wconf 84' lang='lat' dir='ltr'>demicis</span> <span class='ocrx_word' id='word_1_314' title='bbox 597 2123 643 2157; x_wconf 80' lang='lat' dir='ltr'>A&#39;</span> <span class='ocrx_word' id='word_1_315' title='bbox 671 2122 819 2158; x_wconf 85' lang='lat' dir='ltr'>dimicis</span> <span class='ocrx_word' id='word_1_316' title='bbox 843 2123 892 2157; x_wconf 86' lang='lat' dir='ltr'><em>M</em></span> <span class='ocrx_word' id='word_1_317' title='bbox 967 2126 987 2157; x_wconf 84' lang='lat'>5</span> <span class='ocrx_word' id='word_1_318' title='bbox 1013 2121 1139 2167; x_wconf 83' lang='lat' dir='ltr'>quam]</span> <span class='ocrx_word' id='word_1_319' title='bbox 1168 2132 1242 2166; x_wconf 83' lang='lat' dir='ltr'>qua,</span> <span class='ocrx_word' id='word_1_320' title='bbox 1268 2133 1291 2155; x_wconf 83' lang='grc' dir='ltr'><em>α</em></span> <span class='ocrx_word' id='word_1_321' title='bbox 1367 2125 1386 2156; x_wconf 90' lang='grc'><strong>6</strong></span> <span class='ocrx_word' id='word_1_322' title='bbox 1414 2120 1522 2155; x_wconf 80' lang='lat' dir='ltr'>amit-</span> 
     </span>
     <span class='ocr_line' id='line_1_36' title="bbox 169 2168 1520 2217; baseline -0.003 -11"><span class='ocrx_word' id='word_1_323' title='bbox 169 2171 232 2217; x_wconf 75' lang='lat' dir='ltr'>tit]</span> <span class='ocrx_word' id='word_1_324' title='bbox 260 2170 440 2206; x_wconf 82' lang='lat' dir='ltr'>Admittit</span> <span class='ocrx_word' id='word_1_325' title='bbox 467 2184 482 2206; x_wconf 78' lang='grc' dir='ltr'><strong>ε</strong></span> <span class='ocrx_word' id='word_1_326' title='bbox 584 2175 603 2206; x_wconf 85' lang='grc'>7</span> <span class='ocrx_word' id='word_1_327' title='bbox 630 2170 848 2215; x_wconf 83' lang='lat' dir='ltr'>paludibus]</span> <span class='ocrx_word' id='word_1_328' title='bbox 882 2168 1083 2215; x_wconf 81' lang='lat' dir='ltr'>padulibus</span> <span class='ocrx_word' id='word_1_329' title='bbox 1105 2182 1120 2203; x_wconf 78' lang='grc' dir='ltr'><em>ε</em></span> <span class='ocrx_word' id='word_1_330' title='bbox 1221 2173 1263 2203; x_wconf 86' lang='grc'>13</span> <span class='ocrx_word' id='word_1_331' title='bbox 1289 2168 1520 2214; x_wconf 84' lang='lat' dir='ltr'>condicione]</span> 
     </span>
     <span class='ocr_line' id='line_1_37' title="bbox 171 2215 1516 2261; baseline -0.004 -7"><span class='ocrx_word' id='word_1_332' title='bbox 171 2219 382 2254; x_wconf 84' lang='lat' dir='ltr'>conditione</span> <span class='ocrx_word' id='word_1_333' title='bbox 404 2231 427 2252; x_wconf 82' lang='grc' dir='ltr'>α</span> <span class='ocrx_word' id='word_1_334' title='bbox 446 2218 498 2259; x_wconf 75' lang='lat' dir='ltr'>(G</span> <span class='ocrx_word' id='word_1_335' title='bbox 512 2235 555 2247; x_wconf 89' lang='lat'><strong><em>=</em></strong></span> <span class='ocrx_word' id='word_1_336' title='bbox 574 2217 663 2253; x_wconf 83' lang='lat' dir='ltr'>Par.</span> <span class='ocrx_word' id='word_1_337' title='bbox 686 2221 782 2253; x_wconf 76' lang='lat'><em>7230</em></span> <span class='ocrx_word' id='word_1_338' title='bbox 802 2219 854 2261; x_wconf 81' lang='lat' dir='ltr'>A)</span> <span class='ocrx_word' id='word_1_339' title='bbox 913 2217 994 2252; x_wconf 82' lang='lat' dir='ltr'><strong>CAP.</strong></span> <span class='ocrx_word' id='word_1_340' title='bbox 1016 2215 1166 2250; x_wconf 83' lang='lat' dir='ltr'>XVIIII.</span> <span class='ocrx_word' id='word_1_341' title='bbox 1229 2219 1271 2249; x_wconf 84' lang='lat'>15</span> <span class='ocrx_word' id='word_1_342' title='bbox 1294 2215 1449 2250; x_wconf 79' lang='lat' dir='ltr'>adiubat</span> <span class='ocrx_word' id='word_1_343' title='bbox 1469 2217 1516 2260; x_wconf 79' lang='grc' dir='ltr'>Α1</span> 
     </span>
    </p>

    <p class='ocr_par' dir='ltr' id='par_1_16' title="bbox 169 2262 1521 2406">
     <span class='ocr_line' id='line_1_38' title="bbox 244 2262 1521 2312; baseline -0.004 -11"><span class='ocrx_word' id='word_1_344' title='bbox 244 2270 286 2301; x_wconf 84' lang='grc'>16</span> <span class='ocrx_word' id='word_1_345' title='bbox 313 2267 359 2301; x_wconf 89' lang='lat' dir='ltr'>ab</span> <span class='ocrx_word' id='word_1_346' title='bbox 381 2266 457 2312; x_wconf 85' lang='lat' dir='ltr'>ala]</span> <span class='ocrx_word' id='word_1_347' title='bbox 487 2277 509 2301; x_wconf 82' lang='lat' dir='ltr'>a,</span> <span class='ocrx_word' id='word_1_348' title='bbox 527 2266 613 2300; x_wconf 83' lang='lat' dir='ltr'>uela</span> <span class='ocrx_word' id='word_1_349' title='bbox 632 2267 672 2299; x_wconf 84' lang='lat' dir='ltr'><em>H</em></span> <span class='ocrx_word' id='word_1_350' title='bbox 733 2269 773 2299; x_wconf 83' lang='lat'>17</span> <span class='ocrx_word' id='word_1_351' title='bbox 790 2265 906 2310; x_wconf 83' lang='lat' dir='ltr'>certe]</span> <span class='ocrx_word' id='word_1_352' title='bbox 929 2265 1028 2298; x_wconf 78' lang='lat' dir='ltr'>certo</span> <span class='ocrx_word' id='word_1_353' title='bbox 1050 2264 1099 2298; x_wconf 82' lang='lat' dir='ltr'><em>M</em></span> <span class='ocrx_word' id='word_1_354' title='bbox 1169 2262 1521 2307; x_wconf 80' lang='lat' dir='ltr'>circumueniantur]</span> 
     </span>
     <span class='ocr_line' id='line_1_39' title="bbox 171 2310 1425 2356; baseline -0.002 -9"><span class='ocrx_word' id='word_1_355' title='bbox 171 2313 481 2348; x_wconf 78' lang='lat' dir='ltr'>circumueniatur</span> <span class='ocrx_word' id='word_1_356' title='bbox 513 2326 537 2347; x_wconf 82' lang='grc' dir='ltr'>α</span> <span class='ocrx_word' id='word_1_357' title='bbox 577 2313 626 2356; x_wconf 77' lang='lat' dir='ltr'>(G</span> <span class='ocrx_word' id='word_1_358' title='bbox 653 2330 697 2341; x_wconf 94' lang='lat'><strong><em>=</em></strong></span> <span class='ocrx_word' id='word_1_359' title='bbox 728 2313 816 2347; x_wconf 79' lang='lat' dir='ltr'>Par.</span> <span class='ocrx_word' id='word_1_360' title='bbox 851 2315 948 2348; x_wconf 78' lang='lat'><em>7230</em></span> <span class='ocrx_word' id='word_1_361' title='bbox 980 2312 1032 2355; x_wconf 80' lang='lat' dir='ltr'>A)</span> <span class='ocrx_word' id='word_1_362' title='bbox 1069 2310 1362 2345; x_wconf 64' lang='lat' dir='ltr'>circumueniant</span> <span class='ocrx_word' id='word_1_363' title='bbox 1392 2312 1425 2354; x_wconf 77' lang='grc' dir='ltr'>λ)</span> 
     </span>
     <span class='ocr_line' id='line_1_40' title="bbox 169 2359 845 2406; baseline 0 -12"><span class='ocrx_word' id='word_1_364' title='bbox 169 2360 242 2406; x_wconf 82' lang='lat' dir='ltr'>tui]</span> <span class='ocrx_word' id='word_1_365' title='bbox 268 2359 342 2395; x_wconf 84' lang='lat' dir='ltr'>tuti</span> <span class='ocrx_word' id='word_1_366' title='bbox 369 2373 383 2395; x_wconf 85' lang='grc' dir='ltr'><em>ε</em></span> <span class='ocrx_word' id='word_1_367' title='bbox 414 2360 463 2403; x_wconf 79' lang='lat' dir='ltr'>(G</span> <span class='ocrx_word' id='word_1_368' title='bbox 484 2377 527 2389; x_wconf 94' lang='lat'>=</span> <span class='ocrx_word' id='word_1_369' title='bbox 550 2360 639 2395; x_wconf 86' lang='lat' dir='ltr'>Par.</span> <span class='ocrx_word' id='word_1_370' title='bbox 667 2363 768 2396; x_wconf 76' lang='lat'><em>7230</em></span> <span class='ocrx_word' id='word_1_371' title='bbox 793 2360 845 2404; x_wconf 89' lang='lat' dir='ltr'>A)</span> 
     </span>
    </p>
   </div>
  </div>
 </body>
</html>
