<?xml version="1.0" encoding="UTF-8"?>
<!DOCTYPE html PUBLIC "-//W3C//DTD XHTML 1.0 Transitional//EN"
    "http://www.w3.org/TR/xhtml1/DTD/xhtml1-transitional.dtd">
<html xmlns="http://www.w3.org/1999/xhtml" xml:lang="en" lang="en">
 <head>
  <title>
</title>
<meta http-equiv="Content-Type" content="text/html;charset=utf-8" />
  <meta name='ocr-system' content='tesseract 3.04.00' />
  <meta name='ocr-capabilities' content='ocr_page ocr_carea ocr_par ocr_line ocrx_word'/>
</head>
<body>
  <div class='ocr_page' id='page_1' title='image "./flavivegetirenat00vegeuoft/flavivegetirenat00vegeuoft_0014.png"; bbox 0 0 1638 2620; ppageno 0'>
   <div class='ocr_carea' id='block_1_1' title="bbox 176 144 957 181">
    <p class='ocr_par' dir='ltr' id='par_1_1' title="bbox 176 144 957 181">
     <span class='ocr_line' id='line_1_1' title="bbox 176 144 957 181; baseline 0.005 -5"><span class='ocrx_word' id='word_1_1' title='bbox 176 147 210 181; x_wconf 85' lang='lat' dir='ltr'>X</span> <span class='ocrx_word' id='word_1_2' title='bbox 761 144 957 180; x_wconf 63' lang='lat' dir='ltr'><em>Praefatio.</em></span> 
     </span>
    </p>
   </div>
   <div class='ocr_carea' id='block_1_2' title="bbox 172 245 1537 999">
    <p class='ocr_par' dir='ltr' id='par_1_2' title="bbox 172 245 1537 999">
     <span class='ocr_line' id='line_1_2' title="bbox 178 245 1533 294; baseline 0 -11"><span class='ocrx_word' id='word_1_3' title='bbox 178 247 293 284; x_wconf 75' lang='lat' dir='ltr'><em>indcoe</em></span> <span class='ocrx_word' id='word_1_4' title='bbox 325 247 373 284; x_wconf 91' lang='lat' dir='ltr'><em>ab</em></span> <span class='ocrx_word' id='word_1_5' title='bbox 398 247 530 293; x_wconf 83' lang='lat' dir='ltr'><em>ipsone</em></span> <span class='ocrx_word' id='word_1_6' title='bbox 557 246 705 294; x_wconf 73' lang='lat' dir='ltr'><em>Veqetio</em></span> <span class='ocrx_word' id='word_1_7' title='bbox 731 247 781 283; x_wconf 86' lang='lat' dir='ltr'><em>sit</em></span> <span class='ocrx_word' id='word_1_8' title='bbox 803 245 1012 292; x_wconf 85' lang='lat' dir='ltr'><em>profectus,</em></span> <span class='ocrx_word' id='word_1_9' title='bbox 1038 246 1170 283; x_wconf 82' lang='lat' dir='ltr'><em>merito</em></span> <span class='ocrx_word' id='word_1_10' title='bbox 1188 247 1314 292; x_wconf 89' lang='lat' dir='ltr'><em>potest</em></span> <span class='ocrx_word' id='word_1_11' title='bbox 1338 245 1508 284; x_wconf 86' lang='lat' dir='ltr'><em>dubitari</em></span> <span class='ocrx_word' id='word_1_12' title='bbox 1518 258 1533 290; x_wconf 85' lang='grc'><em>,·</em></span> 
     </span>
     <span class='ocr_line' id='line_1_3' title="bbox 180 304 1533 352; baseline -0.001 -9"><span class='ocrx_word' id='word_1_13' title='bbox 180 317 291 348; x_wconf 87' lang='lat' dir='ltr'><em>nam,</em></span> <span class='ocrx_word' id='word_1_14' title='bbox 331 306 372 343; x_wconf 82' lang='lat' dir='ltr'><em>id</em></span> <span class='ocrx_word' id='word_1_15' title='bbox 403 306 502 352; x_wconf 86' lang='lat' dir='ltr'><em>quod</em></span> <span class='ocrx_word' id='word_1_16' title='bbox 538 306 619 343; x_wconf 89' lang='lat' dir='ltr'><em>iam</em></span> <span class='ocrx_word' id='word_1_17' title='bbox 655 316 778 352; x_wconf 87' lang='lat' dir='ltr'><em>supra</em></span> <span class='ocrx_word' id='word_1_18' title='bbox 814 304 1092 347; x_wconf 77' lang='lat' dir='ltr'><em>iudicauimus,</em></span> <span class='ocrx_word' id='word_1_19' title='bbox 1125 315 1273 347; x_wconf 87' lang='lat' dir='ltr'><em>eorum,</em></span> <span class='ocrx_word' id='word_1_20' title='bbox 1306 314 1400 351; x_wconf 86' lang='lat' dir='ltr'><em>quos</em></span> <span class='ocrx_word' id='word_1_21' title='bbox 1429 316 1533 342; x_wconf 91' lang='lat' dir='ltr'><em>nunc</em></span> 
     </span>
     <span class='ocr_line' id='line_1_4' title="bbox 182 357 1534 411; baseline -0.001 -10"><span class='ocrx_word' id='word_1_22' title='bbox 182 367 361 411; x_wconf 83' lang='lat' dir='ltr'><em>quattuor</em></span> <span class='ocrx_word' id='word_1_23' title='bbox 399 365 516 402; x_wconf 87' lang='lat' dir='ltr'><em>libros</em></span> <span class='ocrx_word' id='word_1_24' title='bbox 552 364 750 407; x_wconf 80' lang='lat' dir='ltr'><em>habemus,</em></span> <span class='ocrx_word' id='word_1_25' title='bbox 775 364 950 410; x_wconf 85' lang='lat' dir='ltr'><em>primus,</em></span> <span class='ocrx_word' id='word_1_26' title='bbox 984 357 1148 400; x_wconf 69' lang='lat' dir='ltr'><em>‘libellus</em></span> <span class='ocrx_word' id='word_1_27' title='bbox 1179 363 1224 400; x_wconf 89' lang='lat' dir='ltr'><em>de</em></span> <span class='ocrx_word' id='word_1_28' title='bbox 1255 363 1392 401; x_wconf 87' lang='lat' dir='ltr'><em>dilectu</em></span> <span class='ocrx_word' id='word_1_29' title='bbox 1423 366 1534 410; x_wconf 90' lang='lat' dir='ltr'><em>atque</em></span> 
     </span>
     <span class='ocr_line' id='line_1_5' title="bbox 178 417 1531 473; baseline -0.001 -12"><span class='ocrx_word' id='word_1_30' title='bbox 178 424 446 461; x_wconf 72' lang='lat' dir='ltr'><em>exercitatione</em></span> <span class='ocrx_word' id='word_1_31' title='bbox 482 418 664 460; x_wconf 83' lang='lat' dir='ltr'><em>tironum&#39;</em></span> <span class='ocrx_word' id='word_1_32' title='bbox 698 418 758 473; x_wconf 77' lang='lat' dir='ltr'><em>(p.</em></span> <span class='ocrx_word' id='word_1_33' title='bbox 788 423 853 469; x_wconf 89' lang='lat'><em>33,</em></span> <span class='ocrx_word' id='word_1_34' title='bbox 883 417 944 473; x_wconf 84' lang='lat'><em>1),</em></span> <span class='ocrx_word' id='word_1_35' title='bbox 983 422 1084 460; x_wconf 90' lang='lat' dir='ltr'><em>ultro</em></span> <span class='ocrx_word' id='word_1_36' title='bbox 1122 422 1271 460; x_wconf 85' lang='lat' dir='ltr'><em>oblatus</em></span> <span class='ocrx_word' id='word_1_37' title='bbox 1309 425 1362 459; x_wconf 88' lang='lat' dir='ltr'><em>est</em></span> <span class='ocrx_word' id='word_1_38' title='bbox 1401 434 1426 460; x_wconf 92' lang='lat' dir='ltr'><em>a</em></span> <span class='ocrx_word' id='word_1_39' title='bbox 1461 421 1531 460; x_wconf 90' lang='lat' dir='ltr'><em>Ve-</em></span> 
     </span>
     <span class='ocr_line' id='line_1_6' title="bbox 176 475 1531 532; baseline -0.002 -12"><span class='ocrx_word' id='word_1_40' title='bbox 176 484 275 529; x_wconf 72' lang='lat' dir='ltr'><em>yctio</em></span> <span class='ocrx_word' id='word_1_41' title='bbox 312 483 536 529; x_wconf 85' lang='lat' dir='ltr'><em>imperatori</em></span> <span class='ocrx_word' id='word_1_42' title='bbox 566 493 652 524; x_wconf 86' lang='lat' dir='ltr'><em>suo,</em></span> <span class='ocrx_word' id='word_1_43' title='bbox 677 484 768 529; x_wconf 90' lang='lat' dir='ltr'><em>post</em></span> <span class='ocrx_word' id='word_1_44' title='bbox 807 481 962 528; x_wconf 83' lang='lat' dir='ltr'><em>aliquod</em></span> <span class='ocrx_word' id='word_1_45' title='bbox 987 481 1139 518; x_wconf 81' lang='lat' dir='ltr'><em>demum</em></span> <span class='ocrx_word' id='word_1_46' title='bbox 1178 483 1324 528; x_wconf 89' lang='lat' dir='ltr'><em>tempus</em></span> <span class='ocrx_word' id='word_1_47' title='bbox 1362 475 1531 532; x_wconf 84' lang='lat' dir='ltr'><em>(dudum</em></span> 
     </span>
     <span class='ocr_line' id='line_1_7' title="bbox 173 536 1533 591; baseline -0.001 -14"><span class='ocrx_word' id='word_1_48' title='bbox 173 553 216 588; x_wconf 86' lang='lat' dir='ltr'><em>p.</em></span> <span class='ocrx_word' id='word_1_49' title='bbox 245 542 311 589; x_wconf 78' lang='lat'><em>33,</em></span> <span class='ocrx_word' id='word_1_50' title='bbox 340 536 384 591; x_wconf 79' lang='lat'><em>2)</em></span> <span class='ocrx_word' id='word_1_51' title='bbox 415 541 554 587; x_wconf 87' lang='lat' dir='ltr'><em>reliqui</em></span> <span class='ocrx_word' id='word_1_52' title='bbox 578 541 687 578; x_wconf 87' lang='lat' dir='ltr'><em>iussu</em></span> <span class='ocrx_word' id='word_1_53' title='bbox 712 541 880 578; x_wconf 82' lang='lat' dir='ltr'><em>eiusdem</em></span> <span class='ocrx_word' id='word_1_54' title='bbox 911 541 1107 586; x_wconf 81' lang='lat' dir='ltr'><em>compositi</em></span> <span class='ocrx_word' id='word_1_55' title='bbox 1138 542 1237 577; x_wconf 87' lang='lat' dir='ltr'><em>sunt.</em></span> <span class='ocrx_word' id='word_1_56' title='bbox 1287 539 1393 578; x_wconf 86' lang='lat' dir='ltr'><em>Hinc</em></span> <span class='ocrx_word' id='word_1_57' title='bbox 1419 542 1533 578; x_wconf 88' lang='lat' dir='ltr'><em>etiam</em></span> 
     </span>
     <span class='ocr_line' id='line_1_8' title="bbox 180 593 1534 650; baseline -0.001 -13"><span class='ocrx_word' id='word_1_58' title='bbox 180 601 365 647; x_wconf 78' lang='lat' dir='ltr'><em>fusiorem</em></span> <span class='ocrx_word' id='word_1_59' title='bbox 402 600 512 637; x_wconf 87' lang='lat' dir='ltr'><em>illam</em></span> <span class='ocrx_word' id='word_1_60' title='bbox 545 593 604 650; x_wconf 90' lang='lat' dir='ltr'><em>(p.</em></span> <span class='ocrx_word' id='word_1_61' title='bbox 634 596 708 650; x_wconf 82' lang='lat'><em>29)</em></span> <span class='ocrx_word' id='word_1_62' title='bbox 742 600 831 636; x_wconf 88' lang='lat' dir='ltr'><em>libri</em></span> <span class='ocrx_word' id='word_1_63' title='bbox 854 599 980 645; x_wconf 88' lang='lat' dir='ltr'><em>primi</em></span> <span class='ocrx_word' id='word_1_64' title='bbox 1010 599 1326 645; x_wconf 73' lang='lat' dir='ltr'><em>subscriptionem</em></span> <span class='ocrx_word' id='word_1_65' title='bbox 1364 599 1534 637; x_wconf 84' lang='lat' dir='ltr'><em>codicum</em></span> 
     </span>
     <span class='ocr_line' id='line_1_9' title="bbox 181 657 1534 704; baseline -0.001 -9"><span class='ocrx_word' id='word_1_66' title='bbox 181 658 285 696; x_wconf 70' lang='lat' dir='ltr'><em>sDP</em></span> <span class='ocrx_word' id='word_1_67' title='bbox 323 669 392 696; x_wconf 85' lang='lat' dir='ltr'><em>nec</em></span> <span class='ocrx_word' id='word_1_68' title='bbox 427 669 505 696; x_wconf 91' lang='lat' dir='ltr'><em>non</em></span> <span class='ocrx_word' id='word_1_69' title='bbox 545 658 635 696; x_wconf 87' lang='lat' dir='ltr'><em>libri</em></span> <span class='ocrx_word' id='word_1_70' title='bbox 674 658 831 696; x_wconf 84' lang='lat' dir='ltr'><em>secundi</em></span> <span class='ocrx_word' id='word_1_71' title='bbox 866 658 1211 704; x_wconf 71' lang='lat' dir='ltr'><em>praescriptionem</em></span> <span class='ocrx_word' id='word_1_72' title='bbox 1254 657 1424 695; x_wconf 86' lang='lat' dir='ltr'><em>codicum</em></span> <span class='ocrx_word' id='word_1_73' title='bbox 1469 657 1534 695; x_wconf 70' lang='grc' dir='ltr'><em>εἰ)</em></span> 
     </span>
     <span class='ocr_line' id='line_1_10' title="bbox 172 716 1536 765; baseline 0 -11"><span class='ocrx_word' id='word_1_74' title='bbox 172 718 344 764; x_wconf 85' lang='lat' dir='ltr'><em>pendere</em></span> <span class='ocrx_word' id='word_1_75' title='bbox 380 718 525 765; x_wconf 85' lang='lat' dir='ltr'><em>opinor.</em></span> <span class='ocrx_word' id='word_1_76' title='bbox 582 717 674 755; x_wconf 89' lang='lat' dir='ltr'><em>Vtut</em></span> <span class='ocrx_word' id='word_1_77' title='bbox 712 719 781 759; x_wconf 87' lang='lat' dir='ltr'><em>cst,</em></span> <span class='ocrx_word' id='word_1_78' title='bbox 821 717 1057 754; x_wconf 84' lang='lat' dir='ltr'><em>consentiunt</em></span> <span class='ocrx_word' id='word_1_79' title='bbox 1095 717 1227 763; x_wconf 86' lang='lat' dir='ltr'><em>optimi</em></span> <span class='ocrx_word' id='word_1_80' title='bbox 1268 716 1357 754; x_wconf 84' lang='lat' dir='ltr'><em>libri</em></span> <span class='ocrx_word' id='word_1_81' title='bbox 1397 728 1536 754; x_wconf 89' lang='lat' dir='ltr'><em>manu-</em></span> 
     </span>
     <span class='ocr_line' id='line_1_11' title="bbox 181 774 1537 824; baseline 0 -11"><span class='ocrx_word' id='word_1_82' title='bbox 181 777 316 823; x_wconf 82' lang='lat' dir='ltr'><em>scripti</em></span> <span class='ocrx_word' id='word_1_83' title='bbox 347 777 389 814; x_wconf 89' lang='lat' dir='ltr'><em>in</em></span> <span class='ocrx_word' id='word_1_84' title='bbox 419 777 665 823; x_wconf 76' lang='lat' dir='ltr'><em>inscriptione</em></span> <span class='ocrx_word' id='word_1_85' title='bbox 697 775 872 824; x_wconf 71' lang='lat' dir='ltr'><em>epitoma</em></span> <span class='ocrx_word' id='word_1_86' title='bbox 902 774 961 812; x_wconf 85' lang='lat' dir='ltr'><em>rei</em></span> <span class='ocrx_word' id='word_1_87' title='bbox 991 774 1197 824; x_wconf 57' lang='lat' dir='ltr'><em>militaris,</em></span> <span class='ocrx_word' id='word_1_88' title='bbox 1230 777 1273 818; x_wconf 83' lang='lat' dir='ltr'><em>et,</em></span> <span class='ocrx_word' id='word_1_89' title='bbox 1305 777 1348 812; x_wconf 92' lang='lat' dir='ltr'><em>ut</em></span> <span class='ocrx_word' id='word_1_90' title='bbox 1377 775 1444 813; x_wconf 76' lang='lat' dir='ltr'><em>hoc</em></span> <span class='ocrx_word' id='word_1_91' title='bbox 1469 775 1537 813; x_wconf 92' lang='lat' dir='ltr'><em>ad-</em></span> 
     </span>
     <span class='ocr_line' id='line_1_12' title="bbox 181 828 1536 884; baseline 0.001 -12"><span class='ocrx_word' id='word_1_92' title='bbox 181 830 331 878; x_wconf 84' lang='lat' dir='ltr'><em>damus,</em></span> <span class='ocrx_word' id='word_1_93' title='bbox 363 837 404 872; x_wconf 87' lang='lat' dir='ltr'><em>in</em></span> <span class='ocrx_word' id='word_1_94' title='bbox 436 838 614 882; x_wconf 83' lang='lat' dir='ltr'><em>quattuor</em></span> <span class='ocrx_word' id='word_1_95' title='bbox 645 846 722 872; x_wconf 90' lang='lat' dir='ltr'><em>non</em></span> <span class='ocrx_word' id='word_1_96' title='bbox 753 828 959 884; x_wconf 86' lang='lat' dir='ltr'><em>quinque¹)</em></span> <span class='ocrx_word' id='word_1_97' title='bbox 992 834 1113 872; x_wconf 86' lang='lat' dir='ltr'><em>libris.</em></span> <span class='ocrx_word' id='word_1_98' title='bbox 1151 834 1268 871; x_wconf 88' lang='lat' dir='ltr'><em>Hanc</em></span> <span class='ocrx_word' id='word_1_99' title='bbox 1297 835 1340 871; x_wconf 89' lang='lat' dir='ltr'><em>in</em></span> <span class='ocrx_word' id='word_1_100' title='bbox 1364 845 1445 872; x_wconf 85' lang='lat' dir='ltr'><em>rem</em></span> <span class='ocrx_word' id='word_1_101' title='bbox 1469 836 1536 882; x_wconf 86' lang='lat' dir='ltr'><em>qui</em></span> 
     </span>
     <span class='ocr_line' id='line_1_13' title="bbox 184 894 1537 941; baseline 0 -10"><span class='ocrx_word' id='word_1_102' title='bbox 184 896 404 932; x_wconf 76' lang='lat' dir='ltr'><em>accuratius</em></span> <span class='ocrx_word' id='word_1_103' title='bbox 440 895 632 941; x_wconf 76' lang='lat' dir='ltr'><em>inquirere</em></span> <span class='ocrx_word' id='word_1_104' title='bbox 667 894 811 936; x_wconf 84' lang='lat' dir='ltr'><em>uolent,</em></span> <span class='ocrx_word' id='word_1_105' title='bbox 844 894 896 931; x_wconf 92' lang='lat' dir='ltr'><em>ad</em></span> <span class='ocrx_word' id='word_1_106' title='bbox 927 904 1057 930; x_wconf 84' lang='lat' dir='ltr'><em>eorum</em></span> <span class='ocrx_word' id='word_1_107' title='bbox 1092 904 1206 930; x_wconf 83' lang='lat' dir='ltr'><em>usum</em></span> <span class='ocrx_word' id='word_1_108' title='bbox 1241 894 1480 941; x_wconf 77' lang='lat' dir='ltr'><em>sinqulorum</em></span> <span class='ocrx_word' id='word_1_109' title='bbox 1513 906 1537 931; x_wconf 88' lang='lat' dir='ltr'><em>a</em></span> 
     </span>
     <span class='ocr_line' id='line_1_14' title="bbox 180 952 1469 999; baseline 0 -10"><span class='ocrx_word' id='word_1_110' title='bbox 180 953 289 991; x_wconf 86' lang='lat' dir='ltr'><em>nobis</em></span> <span class='ocrx_word' id='word_1_111' title='bbox 321 954 579 991; x_wconf 77' lang='lat' dir='ltr'><em>adhibitorum</em></span> <span class='ocrx_word' id='word_1_112' title='bbox 610 953 780 990; x_wconf 83' lang='lat' dir='ltr'><em>codicum</em></span> <span class='ocrx_word' id='word_1_113' title='bbox 810 953 953 990; x_wconf 83' lang='lat' dir='ltr'><em>indices</em></span> <span class='ocrx_word' id='word_1_114' title='bbox 985 953 1110 999; x_wconf 85' lang='lat' dir='ltr'><em>operis</em></span> <span class='ocrx_word' id='word_1_115' title='bbox 1140 952 1200 989; x_wconf 71' lang='lat' dir='ltr'><em>liic</em></span> <span class='ocrx_word' id='word_1_116' title='bbox 1230 952 1469 990; x_wconf 83' lang='lat' dir='ltr'><em>subiciemus.</em></span> 
     </span>
    </p>
   </div>
   <div class='ocr_carea' id='block_1_3' title="bbox 183 1040 1537 1203">
    <p class='ocr_par' dir='ltr' id='par_1_3' title="bbox 183 1040 1535 1202">
     <span class='ocr_line' id='line_1_15' title="bbox 303 1040 1535 1098; baseline 0 -14"><span class='ocrx_word' id='word_1_117' title='bbox 303 1045 365 1084; x_wconf 84' lang='lat' dir='ltr'><em>A:</em></span> <span class='ocrx_word' id='word_1_118' title='bbox 397 1047 510 1084; x_wconf 70' lang='lat' dir='ltr'><em>Flaui</em></span> <span class='ocrx_word' id='word_1_119' title='bbox 538 1046 684 1096; x_wconf 69' lang='lat' dir='ltr'><em>Vegeti</em></span> <span class='ocrx_word' id='word_1_120' title='bbox 709 1046 855 1084; x_wconf 71' lang='lat' dir='ltr'><em>Renati</em></span> <span class='ocrx_word' id='word_1_121' title='bbox 874 1045 961 1083; x_wconf 79' lang='lat' dir='ltr'><em>Viri</em></span> <span class='ocrx_word' id='word_1_122' title='bbox 985 1040 1214 1097; x_wconf 73' lang='lat' dir='ltr'><em>Inlustli(s)</em></span> <span class='ocrx_word' id='word_1_123' title='bbox 1245 1040 1338 1097; x_wconf 88' lang='lat' dir='ltr'><em>(per</em></span> <span class='ocrx_word' id='word_1_124' title='bbox 1363 1042 1535 1098; x_wconf 87' lang='lat' dir='ltr'><em>abbreu)</em></span> 
     </span>
     <span class='ocr_line' id='line_1_16' title="bbox 183 1078 1537 1158; baseline 0.001 -16"><span class='ocrx_word' id='word_1_125' title='bbox 183 1101 386 1158; x_wconf 70' lang='lat' dir='ltr'><em>Comiti(s)</em></span> <span class='ocrx_word' id='word_1_126' title='bbox 418 1078 635 1155; x_wconf 54' lang='lat' dir='ltr'><em>Epithomoa</em></span> <span class='ocrx_word' id='word_1_127' title='bbox 666 1105 739 1143; x_wconf 78' lang='lat' dir='ltr'><em>Rei</em></span> <span class='ocrx_word' id='word_1_128' title='bbox 765 1105 951 1142; x_wconf 73' lang='lat' dir='ltr'><em>Militaris</em></span> <span class='ocrx_word' id='word_1_129' title='bbox 983 1105 1084 1142; x_wconf 74' lang='lat' dir='ltr'><em>libel</em></span> <span class='ocrx_word' id='word_1_130' title='bbox 1115 1105 1199 1142; x_wconf 86' lang='lat' dir='ltr'><em>IIII</em></span> <span class='ocrx_word' id='word_1_131' title='bbox 1230 1105 1430 1153; x_wconf 73' lang='lat' dir='ltr'><em>Incipiunt</em></span> <span class='ocrx_word' id='word_1_132' title='bbox 1461 1105 1537 1143; x_wconf 81' lang='lat' dir='ltr'><em>Fe-</em></span> 
     </span>
     <span class='ocr_line' id='line_1_17' title="bbox 183 1164 324 1203; baseline 0.016 -3"><span class='ocrx_word' id='word_1_133' title='bbox 183 1164 324 1203; x_wconf 73' lang='lat' dir='ltr'><em>liciter.</em></span> 
     </span>
    </p>
   </div>
   <div class='ocr_carea' id='block_1_4' title="bbox 182 1217 1539 1416">
    <p class='ocr_par' dir='ltr' id='par_1_4' title="bbox 182 1217 1539 1416">
     <span class='ocr_line' id='line_1_18' title="bbox 300 1217 1539 1275; baseline 0 -14"><span class='ocrx_word' id='word_1_134' title='bbox 300 1224 369 1261; x_wconf 82' lang='lat' dir='ltr'><em>M:</em></span> <span class='ocrx_word' id='word_1_135' title='bbox 407 1223 538 1262; x_wconf 76' lang='lat' dir='ltr'><em>Flauji</em></span> <span class='ocrx_word' id='word_1_136' title='bbox 575 1224 718 1274; x_wconf 71' lang='lat' dir='ltr'><em>Vegeti</em></span> <span class='ocrx_word' id='word_1_137' title='bbox 758 1223 903 1261; x_wconf 71' lang='lat' dir='ltr'><em>Renati</em></span> <span class='ocrx_word' id='word_1_138' title='bbox 941 1222 1027 1260; x_wconf 81' lang='lat' dir='ltr'><em>Viri</em></span> <span class='ocrx_word' id='word_1_139' title='bbox 1071 1217 1288 1275; x_wconf 55' lang='lat' dir='ltr'><em>inlustrisp)</em></span> <span class='ocrx_word' id='word_1_140' title='bbox 1335 1217 1458 1275; x_wconf 83' lang='lat' dir='ltr'><em>(abbr.</em></span> <span class='ocrx_word' id='word_1_141' title='bbox 1496 1226 1539 1261; x_wconf 83' lang='lat' dir='ltr'><em>ut</em></span> 
     </span>
     <span class='ocr_line' id='line_1_19' title="bbox 183 1292 1537 1359; baseline 0.001 -17"><span class='ocrx_word' id='word_1_142' title='bbox 183 1307 226 1343; x_wconf 68' lang='lat' dir='ltr'><em>m</em></span> <span class='ocrx_word' id='word_1_143' title='bbox 256 1302 313 1356; x_wconf 85' lang='grc' dir='ltr'><em>Α)</em></span> <span class='ocrx_word' id='word_1_144' title='bbox 348 1301 554 1359; x_wconf 70' lang='lat' dir='ltr'><em>00m1t1(s)</em></span> <span class='ocrx_word' id='word_1_145' title='bbox 585 1307 802 1355; x_wconf 75' lang='lat' dir='ltr'><em>Epithoma</em></span> <span class='ocrx_word' id='word_1_146' title='bbox 832 1306 903 1343; x_wconf 71' lang='lat' dir='ltr'><em>Rei</em></span> <span class='ocrx_word' id='word_1_147' title='bbox 935 1305 1123 1343; x_wconf 74' lang='lat' dir='ltr'><em>Militaris</em></span> <span class='ocrx_word' id='word_1_148' title='bbox 1161 1305 1263 1343; x_wconf 74' lang='lat' dir='ltr'><em>liber</em></span> <span class='ocrx_word' id='word_1_149' title='bbox 1294 1292 1388 1346; x_wconf 66' lang='lat' dir='ltr'><em>Nm</em></span> <span class='ocrx_word' id='word_1_150' title='bbox 1430 1301 1471 1357; x_wconf 81' lang='lat' dir='ltr'><em>(i.</em></span> <span class='ocrx_word' id='word_1_151' title='bbox 1506 1318 1537 1343; x_wconf 77' lang='lat' dir='ltr'><em>e.</em></span> 
     </span>
     <span class='ocr_line' id='line_1_20' title="bbox 182 1361 890 1416; baseline 0.001 -15"><span class='ocrx_word' id='word_1_152' title='bbox 182 1361 368 1416; x_wconf 80' lang='lat' dir='ltr'><em>numero)</em></span> <span class='ocrx_word' id='word_1_153' title='bbox 400 1365 484 1403; x_wconf 87' lang='lat' dir='ltr'><em>IIII</em></span> <span class='ocrx_word' id='word_1_154' title='bbox 515 1365 661 1414; x_wconf 66' lang='lat' dir='ltr'><em>Incipit,</em></span> <span class='ocrx_word' id='word_1_155' title='bbox 693 1364 890 1403; x_wconf 62' lang='lat' dir='ltr'><em>Felicitan</em></span> 
     </span>
    </p>
   </div>
   <div class='ocr_carea' id='block_1_5' title="bbox 183 1429 1537 1546">
    <p class='ocr_par' dir='ltr' id='par_1_5' title="bbox 183 1429 1537 1546">
     <span class='ocr_line' id='line_1_21' title="bbox 306 1429 1537 1487; baseline 0.001 -14"><span class='ocrx_word' id='word_1_156' title='bbox 306 1434 363 1473; x_wconf 74' lang='lat' dir='ltr'><em>G:</em></span> <span class='ocrx_word' id='word_1_157' title='bbox 394 1435 526 1473; x_wconf 80' lang='lat' dir='ltr'><em>Flauii</em></span> <span class='ocrx_word' id='word_1_158' title='bbox 546 1435 690 1486; x_wconf 72' lang='lat' dir='ltr'><em>Vegeti</em></span> <span class='ocrx_word' id='word_1_159' title='bbox 715 1435 859 1472; x_wconf 69' lang='lat' dir='ltr'><em>Renati</em></span> <span class='ocrx_word' id='word_1_160' title='bbox 885 1434 973 1472; x_wconf 80' lang='lat' dir='ltr'><em>Uiri</em></span> <span class='ocrx_word' id='word_1_161' title='bbox 998 1429 1237 1487; x_wconf 46' lang='lat' dir='ltr'><em>Inlustrffs).</em></span> <span class='ocrx_word' id='word_1_162' title='bbox 1282 1434 1426 1473; x_wconf 73' lang='lat' dir='ltr'><em>Comiti</em></span> <span class='ocrx_word' id='word_1_163' title='bbox 1453 1430 1537 1487; x_wconf 86' lang='lat' dir='ltr'><em>(sed</em></span> 
     </span>
     <span class='ocr_line' id='line_1_22' title="bbox 183 1490 1537 1546; baseline 0.001 -15"><span class='ocrx_word' id='word_1_164' title='bbox 183 1493 275 1532; x_wconf 75' lang='lat' dir='ltr'><em>haec</em></span> <span class='ocrx_word' id='word_1_165' title='bbox 311 1506 387 1532; x_wconf 74' lang='lat' dir='ltr'><em>uox</em></span> <span class='ocrx_word' id='word_1_166' title='bbox 416 1498 553 1542; x_wconf 88' lang='lat' dir='ltr'><em>postea</em></span> <span class='ocrx_word' id='word_1_167' title='bbox 592 1507 706 1533; x_wconf 85' lang='lat' dir='ltr'><em>erasa</em></span> <span class='ocrx_word' id='word_1_168' title='bbox 744 1490 815 1546; x_wconf 84' lang='lat' dir='ltr'><em>est)</em></span> <span class='ocrx_word' id='word_1_169' title='bbox 855 1493 1058 1542; x_wconf 74' lang='lat' dir='ltr'><em>epithoma</em></span> <span class='ocrx_word' id='word_1_170' title='bbox 1088 1493 1162 1531; x_wconf 81' lang='lat' dir='ltr'><em>Rei</em></span> <span class='ocrx_word' id='word_1_171' title='bbox 1199 1493 1384 1532; x_wconf 71' lang='lat' dir='ltr'><em>Militaris</em></span> <span class='ocrx_word' id='word_1_172' title='bbox 1423 1494 1537 1532; x_wconf 86' lang='lat' dir='ltr'><em>Libri</em></span> 
     </span>
    </p>
   </div>
   <div class='ocr_carea' id='block_1_6' title="bbox 182 1547 1536 1825">
    <p class='ocr_par' dir='ltr' id='par_1_6' title="bbox 182 1547 1536 1825">
     <span class='ocr_line' id='line_1_23' title="bbox 182 1547 627 1610; baseline 0.004 -21"><span class='ocrx_word' id='word_1_173' title='bbox 182 1552 323 1591; x_wconf 72' lang='lat' dir='ltr'><em>Nuffiri</em></span> <span class='ocrx_word' id='word_1_174' title='bbox 358 1547 501 1610; x_wconf 38' lang='lat'>(502)</span> <span class='ocrx_word' id='word_1_175' title='bbox 534 1553 627 1591; x_wconf 80' lang='grc' dir='ltr'><em>ΗΠ.</em></span> 
     </span>
     <span class='ocr_line' id='line_1_24' title="bbox 303 1610 1536 1677; baseline 0.002 -17"><span class='ocrx_word' id='word_1_176' title='bbox 303 1623 354 1671; x_wconf 73' lang='lat' dir='ltr'><em>o:</em></span> <span class='ocrx_word' id='word_1_177' title='bbox 385 1624 516 1661; x_wconf 70' lang='lat' dir='ltr'><em>Flauii</em></span> <span class='ocrx_word' id='word_1_178' title='bbox 542 1624 686 1673; x_wconf 69' lang='lat' dir='ltr'><em>vegeti</em></span> <span class='ocrx_word' id='word_1_179' title='bbox 717 1624 860 1662; x_wconf 70' lang='lat' dir='ltr'>Renaffi</span> <span class='ocrx_word' id='word_1_180' title='bbox 887 1612 968 1662; x_wconf 59' lang='lat' dir='ltr'><em>vii?</em></span> <span class='ocrx_word' id='word_1_181' title='bbox 992 1610 1140 1662; x_wconf 59' lang='lat' dir='ltr'><em>InlusEs</em></span> <span class='ocrx_word' id='word_1_182' title='bbox 1168 1619 1240 1676; x_wconf 75' lang='lat' dir='ltr'><em>(sa</em></span> <span class='ocrx_word' id='word_1_183' title='bbox 1261 1625 1283 1662; x_wconf 84' lang='lat'><strong>2</strong></span> <span class='ocrx_word' id='word_1_184' title='bbox 1307 1620 1414 1677; x_wconf 69' lang='lat' dir='ltr'><em>aad.)</em></span> <span class='ocrx_word' id='word_1_185' title='bbox 1442 1624 1536 1674; x_wconf 79' lang='lat' dir='ltr'><em>Epi-</em></span> 
     </span>
     <span class='ocr_line' id='line_1_25' title="bbox 182 1690 1488 1755; baseline 0.002 -12"><span class='ocrx_word' id='word_1_186' title='bbox 182 1706 321 1744; x_wconf 74' lang='lat' dir='ltr'><em>thoma</em></span> <span class='ocrx_word' id='word_1_187' title='bbox 352 1706 425 1743; x_wconf 78' lang='lat' dir='ltr'><em>Rei</em></span> <span class='ocrx_word' id='word_1_188' title='bbox 456 1706 641 1744; x_wconf 72' lang='lat' dir='ltr'><em>Militaris</em></span> <span class='ocrx_word' id='word_1_189' title='bbox 675 1690 748 1744; x_wconf 60' lang='lat' dir='ltr'><em>Lib</em></span> <span class='ocrx_word' id='word_1_190' title='bbox 781 1707 886 1744; x_wconf 68' lang='lat' dir='ltr'><em>Nuffl</em></span> <span class='ocrx_word' id='word_1_191' title='bbox 915 1706 1007 1744; x_wconf 88' lang='lat' dir='ltr'><strong><em>IIII.</em></strong></span> <span class='ocrx_word' id='word_1_192' title='bbox 1060 1706 1260 1755; x_wconf 71' lang='lat' dir='ltr'><em>Incipiunt</em></span> <span class='ocrx_word' id='word_1_193' title='bbox 1291 1707 1488 1746; x_wconf 73' lang='lat' dir='ltr'><em>Feliciter.</em></span> 
     </span>
     <span class='ocr_line' id='line_1_26' title="bbox 302 1777 995 1825; baseline 0.003 -11"><span class='ocrx_word' id='word_1_194' title='bbox 302 1777 360 1814; x_wconf 87' lang='lat' dir='ltr'><em>L:</em></span> <span class='ocrx_word' id='word_1_195' title='bbox 391 1779 590 1825; x_wconf 78' lang='lat' dir='ltr'><em>inscriptio</em></span> <span class='ocrx_word' id='word_1_196' title='bbox 622 1781 656 1815; x_wconf 88' lang='lat' dir='ltr'><em>et</em></span> <span class='ocrx_word' id='word_1_197' title='bbox 687 1779 748 1816; x_wconf 79' lang='lat' dir='ltr'><em>lib.</em></span> <span class='ocrx_word' id='word_1_198' title='bbox 781 1779 816 1815; x_wconf 90' lang='lat' dir='ltr'><em>I.</em></span> <span class='ocrx_word' id='word_1_199' title='bbox 850 1778 995 1816; x_wconf 81' lang='lat' dir='ltr'><em>desunt.</em></span> 
     </span>
    </p>
   </div>
   <div class='ocr_carea' id='block_1_7' title="bbox 183 1857 290 1860">
    <p class='ocr_par' dir='ltr' id='par_1_7' title="bbox 183 1857 290 1860">
     <span class='ocr_line' id='line_1_27' title="bbox 183 1857 290 1860; baseline 0 0"><span class='ocrx_word' id='word_1_200' title='bbox 183 1857 290 1860; x_wconf 95' lang='lat' dir='ltr'><em> </em></span> 
     </span>
    </p>
   </div>
   <div class='ocr_carea' id='block_1_8' title="bbox 291 1857 466 1860">
    <p class='ocr_par' dir='ltr' id='par_1_8' title="bbox 291 1857 466 1860">
     <span class='ocr_line' id='line_1_28' title="bbox 291 1857 466 1860; baseline 0 0"><span class='ocrx_word' id='word_1_201' title='bbox 291 1857 466 1860; x_wconf 95' lang='lat' dir='ltr'><em> </em></span> 
     </span>
    </p>
   </div>
   <div class='ocr_carea' id='block_1_9' title="bbox 184 1901 1537 2432">
    <p class='ocr_par' dir='ltr' id='par_1_9' title="bbox 184 1901 1535 1992">
     <span class='ocr_line' id='line_1_29' title="bbox 184 1901 1535 1947; baseline 0.002 -12"><span class='ocrx_word' id='word_1_202' title='bbox 184 1901 244 1936; x_wconf 86' lang='lat' dir='ltr'><em>ille</em></span> <span class='ocrx_word' id='word_1_203' title='bbox 263 1902 325 1935; x_wconf 85' lang='lat' dir='ltr'><em>uir</em></span> <span class='ocrx_word' id='word_1_204' title='bbox 344 1901 574 1937; x_wconf 84' lang='lat' dir='ltr'><em>doctissimus</em></span> <span class='ocrx_word' id='word_1_205' title='bbox 598 1902 709 1937; x_wconf 79' lang='lat' dir='ltr'><em>nimis</em></span> <span class='ocrx_word' id='word_1_206' title='bbox 729 1906 858 1938; x_wconf 87' lang='lat' dir='ltr'><em>acutus</em></span> <span class='ocrx_word' id='word_1_207' title='bbox 884 1906 961 1937; x_wconf 87' lang='lat' dir='ltr'><em>erat</em></span> <span class='ocrx_word' id='word_1_208' title='bbox 981 1903 1021 1937; x_wconf 84' lang='lat' dir='ltr'><em>in</em></span> <span class='ocrx_word' id='word_1_209' title='bbox 1041 1902 1257 1945; x_wconf 81' lang='lat' dir='ltr'><em>olfaciendis</em></span> <span class='ocrx_word' id='word_1_210' title='bbox 1282 1912 1535 1947; x_wconf 74' lang='lat' dir='ltr'><em>usquequaque</em></span> 
     </span>
     <span class='ocr_line' id='line_1_30' title="bbox 184 1948 700 1992; baseline 0.006 -11"><span class='ocrx_word' id='word_1_211' title='bbox 184 1948 395 1992; x_wconf 79' lang='lat' dir='ltr'><em>Epitomis.’</em></span> <span class='ocrx_word' id='word_1_212' title='bbox 448 1949 600 1984; x_wconf 81' lang='lat' dir='ltr'><em>Fabric.</em></span> <span class='ocrx_word' id='word_1_213' title='bbox 627 1950 649 1984; x_wconf 85' lang='lat' dir='ltr'><em>l.</em></span> <span class='ocrx_word' id='word_1_214' title='bbox 678 1951 700 1984; x_wconf 94' lang='lat' dir='ltr'><em>l.</em></span> 
     </span>
    </p>

    <p class='ocr_par' dir='ltr' id='par_1_10' title="bbox 184 2007 1537 2432">
     <span class='ocr_line' id='line_1_31' title="bbox 283 2007 1537 2054; baseline 0.001 -13"><span class='ocrx_word' id='word_1_215' title='bbox 283 2009 317 2051; x_wconf 88' lang='lat'><em>1)</em></span> <span class='ocrx_word' id='word_1_216' title='bbox 344 2007 635 2052; x_wconf 82' lang='lat' dir='ltr'><em>Antiquissimus</em></span> <span class='ocrx_word' id='word_1_217' title='bbox 660 2019 782 2044; x_wconf 84' lang='lat' dir='ltr'><em>eorum</em></span> <span class='ocrx_word' id='word_1_218' title='bbox 807 2009 980 2051; x_wconf 80' lang='lat' dir='ltr'><em>codicum,</em></span> <span class='ocrx_word' id='word_1_219' title='bbox 1008 2009 1072 2054; x_wconf 84' lang='lat' dir='ltr'><em>qui</em></span> <span class='ocrx_word' id='word_1_220' title='bbox 1091 2009 1221 2043; x_wconf 84' lang='lat' dir='ltr'><em>diserte</em></span> <span class='ocrx_word' id='word_1_221' title='bbox 1239 2008 1399 2053; x_wconf 87' lang='lat' dir='ltr'><em>quinque</em></span> <span class='ocrx_word' id='word_1_222' title='bbox 1425 2009 1537 2043; x_wconf 84' lang='lat' dir='ltr'><em>libros</em></span> 
     </span>
     <span class='ocr_line' id='line_1_32' title="bbox 185 2055 1536 2100; baseline 0.001 -12"><span class='ocrx_word' id='word_1_223' title='bbox 185 2059 405 2099; x_wconf 61' lang='lat' dir='ltr'><em>agnoscunt,</em></span> <span class='ocrx_word' id='word_1_224' title='bbox 432 2059 482 2090; x_wconf 89' lang='lat' dir='ltr'><em>est</em></span> <span class='ocrx_word' id='word_1_225' title='bbox 505 2066 604 2090; x_wconf 86' lang='lat' dir='ltr'><em>unus</em></span> <span class='ocrx_word' id='word_1_226' title='bbox 637 2067 681 2091; x_wconf 78' lang='lat' dir='ltr'><em>ex</em></span> <span class='ocrx_word' id='word_1_227' title='bbox 706 2056 974 2091; x_wconf 83' lang='lat' dir='ltr'><em>Laurentianis</em></span> <span class='ocrx_word' id='word_1_228' title='bbox 1004 2057 1142 2100; x_wconf 85' lang='lat' dir='ltr'><em>partim</em></span> <span class='ocrx_word' id='word_1_229' title='bbox 1167 2056 1216 2090; x_wconf 90' lang='lat' dir='ltr'><em>ad</em></span> <span class='ocrx_word' id='word_1_230' title='bbox 1243 2055 1373 2090; x_wconf 91' lang='lat' dir='ltr'><strong><em>XIII.</em></strong></span> <span class='ocrx_word' id='word_1_231' title='bbox 1395 2056 1536 2100; x_wconf 84' lang='lat' dir='ltr'><em>partim</em></span> 
     </span>
     <span class='ocr_line' id='line_1_33' title="bbox 184 2102 1536 2148; baseline 0.001 -13"><span class='ocrx_word' id='word_1_232' title='bbox 184 2103 234 2136; x_wconf 87' lang='lat' dir='ltr'><em>ad</em></span> <span class='ocrx_word' id='word_1_233' title='bbox 268 2102 380 2138; x_wconf 84' lang='lat' dir='ltr'><strong><em>XIV.</em></strong></span> <span class='ocrx_word' id='word_1_234' title='bbox 413 2104 597 2137; x_wconf 86' lang='lat' dir='ltr'><em>saeculum</em></span> <span class='ocrx_word' id='word_1_235' title='bbox 622 2104 811 2148; x_wconf 85' lang='lat' dir='ltr'><em>pertinens</em></span> <span class='ocrx_word' id='word_1_236' title='bbox 845 2104 904 2147; x_wconf 82' lang='lat' dir='ltr'><em>(cf.</em></span> <span class='ocrx_word' id='word_1_237' title='bbox 939 2104 1104 2138; x_wconf 84' lang='lat' dir='ltr'><em>Bandin.</em></span> <span class='ocrx_word' id='word_1_238' title='bbox 1138 2102 1218 2136; x_wconf 92' lang='lat' dir='ltr'><em>III</em></span> <span class='ocrx_word' id='word_1_239' title='bbox 1247 2104 1351 2147; x_wconf 83' lang='lat'><strong>407),·</strong></span> <span class='ocrx_word' id='word_1_240' title='bbox 1384 2107 1536 2138; x_wconf 84' lang='lat' dir='ltr'><em>ceterum</em></span> 
     </span>
     <span class='ocr_line' id='line_1_34' title="bbox 185 2150 1534 2195; baseline 0.001 -13"><span class='ocrx_word' id='word_1_241' title='bbox 185 2150 292 2183; x_wconf 84' lang='lat' dir='ltr'><em>etiam</em></span> <span class='ocrx_word' id='word_1_242' title='bbox 320 2151 471 2194; x_wconf 75' lang='lat' dir='ltr'><em>posthac</em></span> <span class='ocrx_word' id='word_1_243' title='bbox 496 2151 622 2185; x_wconf 82' lang='lat' dir='ltr'><em>rarius</em></span> <span class='ocrx_word' id='word_1_244' title='bbox 647 2151 799 2193; x_wconf 78' lang='lat' dir='ltr'><em>accidit,</em></span> <span class='ocrx_word' id='word_1_245' title='bbox 825 2154 865 2185; x_wconf 92' lang='lat' dir='ltr'><em>ut</em></span> <span class='ocrx_word' id='word_1_246' title='bbox 897 2150 1061 2195; x_wconf 74' lang='lat' dir='ltr'><em>Veyetius</em></span> <span class='ocrx_word' id='word_1_247' title='bbox 1085 2151 1126 2185; x_wconf 83' lang='lat' dir='ltr'><em>in</em></span> <span class='ocrx_word' id='word_1_248' title='bbox 1151 2150 1310 2195; x_wconf 84' lang='lat' dir='ltr'><em>quinque</em></span> <span class='ocrx_word' id='word_1_249' title='bbox 1341 2150 1452 2185; x_wconf 80' lang='lat' dir='ltr'><em>libros</em></span> <span class='ocrx_word' id='word_1_250' title='bbox 1477 2151 1534 2184; x_wconf 85' lang='lat' dir='ltr'><em>di-</em></span> 
     </span>
     <span class='ocr_line' id='line_1_35' title="bbox 184 2197 1535 2243; baseline 0.001 -13"><span class='ocrx_word' id='word_1_251' title='bbox 184 2197 408 2231; x_wconf 83' lang='lat' dir='ltr'><em>scriberetur.</em></span> <span class='ocrx_word' id='word_1_252' title='bbox 461 2198 513 2232; x_wconf 89' lang='lat' dir='ltr'><em>In</em></span> <span class='ocrx_word' id='word_1_253' title='bbox 549 2198 652 2232; x_wconf 81' lang='lat' dir='ltr'><em>libris</em></span> <span class='ocrx_word' id='word_1_254' title='bbox 680 2199 777 2243; x_wconf 76' lang='lat' dir='ltr'><em>typis</em></span> <span class='ocrx_word' id='word_1_255' title='bbox 811 2200 969 2234; x_wconf 72' lang='lat' dir='ltr'><em>eoecussz&#39;s</em></span> <span class='ocrx_word' id='word_1_256' title='bbox 1002 2197 1181 2233; x_wconf 83' lang='lat' dir='ltr'><em>Scriuerii</em></span> <span class='ocrx_word' id='word_1_257' title='bbox 1212 2197 1328 2241; x_wconf 82' lang='lat' dir='ltr'><em>primi</em></span> <span class='ocrx_word' id='word_1_258' title='bbox 1362 2198 1535 2232; x_wconf 82' lang='lat' dir='ltr'><em>editiones</em></span> 
     </span>
     <span class='ocr_line' id='line_1_36' title="bbox 184 2244 1532 2288; baseline 0.001 -11"><span class='ocrx_word' id='word_1_259' title='bbox 184 2244 342 2288; x_wconf 87' lang='lat' dir='ltr'><em>quinque</em></span> <span class='ocrx_word' id='word_1_260' title='bbox 366 2245 533 2279; x_wconf 69' lang='lat' dir='ltr'><em>eaehibent</em></span> <span class='ocrx_word' id='word_1_261' title='bbox 559 2245 678 2279; x_wconf 83' lang='lat' dir='ltr'><em>libros.</em></span> <span class='ocrx_word' id='word_1_262' title='bbox 717 2245 875 2280; x_wconf 84' lang='lat' dir='ltr'><em>Errasse</em></span> <span class='ocrx_word' id='word_1_263' title='bbox 901 2249 1018 2280; x_wconf 86' lang='lat' dir='ltr'><em>autem</em></span> <span class='ocrx_word' id='word_1_264' title='bbox 1037 2245 1161 2279; x_wconf 83' lang='lat' dir='ltr'><em>uirum</em></span> <span class='ocrx_word' id='word_1_265' title='bbox 1186 2245 1432 2279; x_wconf 84' lang='lat' dir='ltr'><em>doctissimum</em></span> <span class='ocrx_word' id='word_1_266' title='bbox 1456 2255 1532 2279; x_wconf 90' lang='lat' dir='ltr'><em>non</em></span> 
     </span>
     <span class='ocr_line' id='line_1_37' title="bbox 184 2291 1535 2335; baseline 0.001 -11"><span class='ocrx_word' id='word_1_267' title='bbox 184 2291 300 2325; x_wconf 85' lang='lat' dir='ltr'><em>solum</em></span> <span class='ocrx_word' id='word_1_268' title='bbox 319 2292 482 2326; x_wconf 86' lang='lat' dir='ltr'><em>codicum</em></span> <span class='ocrx_word' id='word_1_269' title='bbox 502 2293 704 2327; x_wconf 81' lang='lat' dir='ltr'><em>auctoritas</em></span> <span class='ocrx_word' id='word_1_270' title='bbox 723 2293 784 2327; x_wconf 88' lang='lat' dir='ltr'><em>sed</em></span> <span class='ocrx_word' id='word_1_271' title='bbox 804 2294 911 2327; x_wconf 84' lang='lat' dir='ltr'><em>etiam</em></span> <span class='ocrx_word' id='word_1_272' title='bbox 930 2293 1093 2327; x_wconf 82' lang='lat' dir='ltr'><em>elenchus</em></span> <span class='ocrx_word' id='word_1_273' title='bbox 1119 2292 1294 2327; x_wconf 86' lang='lat' dir='ltr'><em>librorum</em></span> <span class='ocrx_word' id='word_1_274' title='bbox 1310 2292 1462 2335; x_wconf 87' lang='lat' dir='ltr'><em>probat;</em></span> <span class='ocrx_word' id='word_1_275' title='bbox 1488 2292 1535 2335; x_wconf 81' lang='lat' dir='ltr'><em>cf.</em></span> 
     </span>
     <span class='ocr_line' id='line_1_38' title="bbox 185 2338 1534 2385; baseline 0.001 -14"><span class='ocrx_word' id='word_1_276' title='bbox 185 2338 293 2372; x_wconf 83' lang='lat' dir='ltr'><em>etiam</em></span> <span class='ocrx_word' id='word_1_277' title='bbox 315 2338 571 2374; x_wconf 78' lang='lat' dir='ltr'><em>Casaubonum</em></span> <span class='ocrx_word' id='word_1_278' title='bbox 591 2340 640 2374; x_wconf 91' lang='lat' dir='ltr'><em>ad</em></span> <span class='ocrx_word' id='word_1_279' title='bbox 658 2340 764 2383; x_wconf 76' lang='lat' dir='ltr'><em>finem</em></span> <span class='ocrx_word' id='word_1_280' title='bbox 784 2340 932 2385; x_wconf 83' lang='lat' dir='ltr'><em>Polybii</em></span> <span class='ocrx_word' id='word_1_281' title='bbox 953 2339 1190 2384; x_wconf 82' lang='lat' dir='ltr'><em>poliorcetici‚</em></span> <span class='ocrx_word' id='word_1_282' title='bbox 1217 2340 1281 2383; x_wconf 86' lang='lat' dir='ltr'><em>qui</em></span> <span class='ocrx_word' id='word_1_283' title='bbox 1299 2340 1375 2383; x_wconf 82' lang='lat' dir='ltr'><em>ipse</em></span> <span class='ocrx_word' id='word_1_284' title='bbox 1396 2349 1534 2383; x_wconf 88' lang='lat' dir='ltr'><em>quoque</em></span> 
     </span>
     <span class='ocr_line' id='line_1_39' title="bbox 185 2385 1532 2432; baseline 0.001 -13"><span class='ocrx_word' id='word_1_285' title='bbox 185 2385 228 2419; x_wconf 89' lang='lat' dir='ltr'><em>de</em></span> <span class='ocrx_word' id='word_1_286' title='bbox 254 2385 343 2420; x_wconf 90' lang='lat' dir='ltr'><em>bello</em></span> <span class='ocrx_word' id='word_1_287' title='bbox 368 2387 501 2420; x_wconf 84' lang='lat' dir='ltr'><em>nauali</em></span> <span class='ocrx_word' id='word_1_288' title='bbox 526 2387 794 2422; x_wconf 82' lang='lat' dir='ltr'><em>enarrationem</em></span> <span class='ocrx_word' id='word_1_289' title='bbox 813 2387 1045 2432; x_wconf 84' lang='lat' dir='ltr'><em>poliorcetico</em></span> <span class='ocrx_word' id='word_1_290' title='bbox 1070 2397 1136 2421; x_wconf 91' lang='lat' dir='ltr'><em>suo</em></span> <span class='ocrx_word' id='word_1_291' title='bbox 1162 2387 1254 2422; x_wconf 86' lang='lat' dir='ltr'><em>libro</em></span> <span class='ocrx_word' id='word_1_292' title='bbox 1279 2387 1532 2422; x_wconf 81' lang='lat' dir='ltr'><em>subnexuerat.</em></span> 
     </span>
    </p>
   </div>
  </div>
 </body>
</html>
