1638 2620
651 119 730 153 Lib.
758 118 820 162 111,
849 122 879 152 6.
1381 117 1404 157 7
1413 117 1434 157 7

90 218 360 269 exploratores
380 217 562 256 noctibus
590 229 705 268 quam
733 216 882 255 diebus
927 216 1023 254 Nam
1045 215 1332 266 quodammodo
1352 217 1437 266 ipse

90 279 151 316 sui
179 276 358 327 proditor
384 277 588 314 inuenitur
614 277 725 314 cuius
748 275 970 327 speculator
993 275 1112 314 fuerit
1131 274 1178 313 al)
1200 275 1438 313 aduersariis

92 335 401 386 conprehensus,
457 334 579 372 Primi
617 347 710 384 ergo
750 337 903 385 equites
942 336 1017 373 iter
1049 335 1256 385 arripiant,
1298 333 1439 371 deinde

92 394 256 445 pedites,
282 393 547 443 inpedimenta
575 394 758 443 sagmarii
784 393 940 431 calones
969 393 1228 443 uehiculaque
1249 394 1290 430 in
1311 391 1444 430 medio

92 452 359 500 conlocentur,
392 453 445 490 ita
478 457 521 490 ut
553 451 732 501 expedita
759 464 849 502 pars
876 452 1051 502 peditum
1079 458 1118 490 et
1144 453 1320 502 equitum
1348 450 1438 489 sub-
1477 460 1493 486 5

92 517 291 562 sequatur.
347 510 444 549 Nam
484 510 775 549 ambulantibus
815 511 1012 549 interdum
1054 511 1211 561 quidem
1246 523 1266 548 a
1299 510 1440 560 fronte,

92 570 161 608 sed
195 570 442 620 frequentius
475 582 495 607 a
529 575 638 620 tergo
672 576 938 620 superuentus
965 570 1144 608 infertur.
1194 570 1224 607 A
1250 568 1440 608 lateribus

93 641 250 679 quoque
277 630 362 679 pari
388 634 628 667 armatorum
655 641 771 666 manu
798 628 1064 679 inpedimenta
1091 628 1305 667 claudenda
1331 634 1440 678 sunt;

93 700 182 726 nam
220 687 470 726 insidiatores
509 693 758 726 transuersos
798 687 1029 738 frequenter
1070 689 1284 726 incursant.
1341 686 1440 725 Illud

93 753 223 785 tamen
250 748 460 797 praecipue
489 746 725 785 seruandum
754 751 825 798 est,
852 751 895 784 ut
916 758 958 784 ea
980 758 1082 798 pars,
1109 747 1154 784 ad
1177 758 1292 796 quam
1317 745 1440 784 hostis
1462 756 1494 781 10

92 811 288 844 uenturus
327 805 519 856 ereditur,
563 804 753 856 obpositis
792 805 1015 843 lectissimis
1054 804 1254 856 equitibus
1288 810 1325 843 et
1363 804 1442 842 leui

93 870 290 903 armatura
310 876 462 902 necnon
486 866 600 902 etiam
622 863 821 915 peditibus
843 865 1053 915 sagittariis
1073 866 1284 903 muniatur.
1329 863 1440 908 Quod

93 925 125 961 si
158 923 331 973 undique
359 923 733 961 circumfunduntur
765 924 924 974 inimici,
958 923 1131 973 undique
1159 923 1304 961 debent
1329 934 1441 973 prae-

92 987 224 1033 parata
264 994 350 1020 esse
391 982 574 1020 subsidia.
631 981 687 1019 Ne
733 994 828 1020 uero
868 984 1099 1033 repentinus
1138 981 1331 1020 tumultus
1364 993 1441 1019 am-

92 1041 195 1092 plius
222 1046 377 1092 noceat,
411 1046 498 1079 ante
527 1041 801 1079 commonendi
828 1046 920 1079 sunt
948 1041 1108 1093 milites,
1141 1046 1184 1079 ut
1210 1041 1334 1092 parati
1362 1041 1440 1078 sint
1462 1054 1494 1082 15

95 1101 235 1151 animo,
264 1104 305 1138 ut
338 1112 443 1138 arma
469 1101 507 1138 in
538 1099 716 1138 manibus
749 1099 934 1138 habeant:
974 1101 1013 1138 in
1046 1101 1279 1138 necessitate
1314 1098 1442 1138 subita

94 1164 333 1210 conterrent,
359 1160 518 1210 prouisa
546 1171 622 1197 nou
650 1158 776 1197 solent
803 1171 888 1197 esse
917 1159 1127 1198 formidini.
1169 1159 1331 1209 Antiqui
1358 1157 1441 1196 dili-

94 1219 320 1268 gentissime
354 1217 659 1269 praecauebant,
700 1230 748 1256 ne
782 1230 800 1256 a
835 1218 1038 1256 calonibus<
1070 1218 1269 1256 interdum
1304 1217 1439 1255 uulne-

94 1278 189 1315 ratis
222 1277 420 1315 interdum
454 1276 686 1315 timentibus
719 1284 757 1315 et
790 1279 992 1327 sagmariis
1025 1277 1194 1315 elamore
1227 1276 1442 1327 pauefactis

117 1367 161 1401 V.
188 1367 226 1401 L.
276 1371 295 1401 3
323 1366 473 1412 deinde]
501 1366 587 1400 inde
616 1379 630 1400 ε
688 1371 709 1400 4
735 1367 904 1411 sagmarfi
931 1367 1106 1411 calonfiq3
1135 1368 1174 1400 H
1227 1370 1246 1400 6
1273 1365 1318 1399 N.
1346 1366 1442 1400 amb.

97 1414 177 1459 [int.
204 1414 255 1459 q.]
292 1425 314 1448 a
344 1413 465 1448 fronte
501 1413 593 1459 [sed]
627 1413 842 1458 frequenter
867 1417 903 1448 H
1019 1418 1038 1448 9
1064 1413 1300 1448 insidiatores
1327 1412 1442 1446 trans-

94 1461 219 1495 uersos
247 1461 460 1505 frequenter
490 1460 680 1495 incursant
706 1463 745 1495 H
779 1461 843 1496 ins.
877 1460 1106 1495 transuersus
1133 1461 1173 1495 fr.
1209 1460 1378 1504 expulsat
1404 1460 1442 1501 δς

94 1509 188 1543 hanc
215 1510 396 1543 lectionem
423 1510 639 1543 coro-ectum
664 1512 695 1542 ct
722 1509 970 1543 additamento
996 1509 1196 1551 ¹mcmssqinali
1222 1509 1272 1542 acl
1297 1510 1315 1542 λ
1348 1508 1444 1542 codi-

96 1567 175 1590 cum
200 1558 417 1600 scripturam
446 1555 661 1600 (impulsant
681 1556 730 1599 P)
758 1557 946 1590 reuocauit
966 1556 1001 1589 P
1024 1555 1088 1591 ins.
1115 1555 1153 1589 in
1181 1555 1254 1589 alio
1282 1556 1363 1589 loco
1392 1555 1443 1588 in-

95 1626 241 1670 pulsant
265 1626 490 1660 transuersos
510 1626 725 1670 frequenter
744 1626 887 1661 incursa
908 1606 993 1668 stant
1010 1626 1056 1671 G)
1073 1639 1095 1659 α
1121 1626 1184 1660 ins.
1207 1625 1244 1659 in
1267 1626 1340 1660 alio
1361 1625 1444 1659 loco

94 1673 284 1718 inpulsant
308 1673 532 1707 transuersos
554 1673 767 1717 frequenter
799 1674 986 1708 incursant
1012 1676 1029 1707 λ
1064 1673 1168 1707 insiti.
1196 1673 1234 1706 in
1260 1672 1334 1706 alio
1360 1672 1443 1707 loeo

95 1721 284 1765 inpulsant
302 1720 507 1755 ‘ci-ansuerso
527 1721 740 1764 frequenter
759 1721 904 1755 incursu
925 1721 1168 1763 (inserendmn
1187 1721 1262 1762 fuit
1282 1719 1347 1753 alii
1362 1723 1446 1764 post

94 1768 214 1812 insid.)
241 1769 345 1803 Edit.
374 1767 496 1802 Goion.
522 1770 626 1802 1524.
716 1772 758 1802 10
784 1769 926 1813 tamen]
955 1779 1102 1812 quoque
1128 1768 1239 1812 uulgjo
1327 1765 1450 1801 hostes

94 1816 273 1850 uenturos
295 1817 349 1860 (>o
376 1815 424 1859 A)
452 1815 529 1848 oc'H
614 1819 655 1848 12
682 1816 895 1850 muniantur
921 1818 959 1849 H
1045 1819 1086 1849 13
1115 1813 1444 1860 [eircum]fundun-

95 1866 155 1898 tur
183 1864 222 1897 H
311 1866 353 1896 16
380 1862 402 1896 i.
428 1874 462 1896 n.
491 1861 610 1896 subita
636 1864 847 1897 conterrent
867 1864 889 1897 ὃ
914 1863 936 1898 i.
964 1875 998 1897 n.
1026 1863 1171 1935 [Nquae
1198 1862 1408 1896 conterrent
1429 1874 1443 1895 ε

1084 1917 1098 1935 e

96 1945 119 1981 i.
139 1957 172 1979 n*
197 1945 218 1980 s.
241 1956 335 1989 quae
356 1946 497 1979 terrent
516 1946 626 1989 uulgo
694 1944 967 1980 Nenecessitate
982 1945 1049 1988 (L,-
1077 1965 1083 1970 -
1104 1943 1236 1978 necess.
1259 1943 1302 1988 Q)
1325 1942 1445 1977 subita

97 1994 376 2028 conteneantur
404 1994 622 2035 (-terrantur
645 1991 687 2037 Q)
708 1995 726 2026 λ
753 2003 798 2026 ne
824 1991 1039 2026 necessitate
1066 1991 1186 2025 subita
1213 1990 1446 2025 consternan-

97 2041 157 2074 tur
183 2043 222 2074 H
244 2040 283 2074 in
308 2039 565 2074 necessitatem
592 2039 714 2074 subita
739 2051 811 2084 que
837 2042 979 2074 terrent
1000 2040 1043 2084 Pl
1074 2051 1120 2074 ne
1146 2037 1399 2073 necessitatem
1421 2036 1444 2071 s.

99 2099 132 2131 q.
159 2088 369 2122 terreantur
384 2087 430 2132 P2
484 2091 525 2121 17
553 2086 708 2131 prouisa.
748 2087 831 2121 Non
852 2089 940 2132 (non
964 2086 1005 2131 Q)
1028 2089 1082 2121 Πλ
1136 2090 1178 2120 18
1206 2095 1250 2119 ne
1278 2095 1299 2119 Ξ
1321 2085 1388 2119 cal.
1410 2086 1449 2118 H

123 2169 158 2205 S.
185 2169 224 2205 L.
318 2174 335 2204 1
364 2169 654 2214 quodammodo]
682 2169 940 2213 quodadmodo
967 2169 1001 2203 α’
1102 2173 1121 2202 2
1149 2167 1334 2213 proditor]
1361 2178 1441 2211 pro-

100 2217 207 2251 detur
232 2217 278 2251 M
302 2216 470 2261 proditur
496 2218 543 2262 A1
629 2221 648 2250 3
676 2216 958 2261 comprehensus
980 2218 1016 2250 H
1099 2220 1121 2250 4
1146 2214 1335 2259 impedim.
1362 2216 1402 2248 H

99 2264 289 2309 uehicula]
316 2264 520 2299 ullehicula
541 2264 589 2298 M
613 2263 801 2298 ulehicula,
820 2263 868 2309 Al
926 2267 945 2297 5
971 2262 1161 2308 impedim.
1183 2263 1223 2296 H
1271 2266 1311 2296 11
1334 2272 1448 2306 oppo-

100 2311 180 2345 sitis
202 2311 285 2346 MH
398 2315 439 2346 17
467 2311 627 2357 antiqui]
658 2311 772 2355 antiq.
800 2312 849 2346 M
966 2309 1259 2356 diligentissime]
1290 2309 1447 2354 diligen-

99 2358 228 2393 tissimi
254 2358 302 2403 Al
407 2362 449 2393 18
477 2358 687 2404 calonibus]
716 2358 910 2394 colonibus
932 2358 965 2392 α’
1066 2361 1109 2392 19
1134 2355 1344 2401 pabefaetis
1366 2356 1399 2390 α’
