1638 2620
192 758 226 783 10

191 1053 225 1079 15

193 1349 227 1374 20

247 119 330 161 108
794 117 875 153 Lib.
900 118 964 162 111,
991 122 1047 154 20.

245 230 390 268 genere
411 223 702 269 conponuntur.
745 217 857 263 Quod
880 218 912 255 si
933 217 1004 255 tihi
1030 218 1139 267 prior
1165 216 1417 256 aduersarius
1444 217 1597 268 fecerit,

244 277 345 329 illos,
366 290 464 328 quos
485 283 575 327 post
595 278 718 315 aciem
740 277 1112 328 supernumerarios
1133 276 1303 315 diximus
1324 275 1468 315 debere
1489 279 1594 329 poni,

246 342 324 374 tam
358 337 511 386 equites
539 347 655 387 quam
683 335 847 387 pedites,
879 334 926 373 ad
954 336 1158 374 sinistrum
1185 341 1296 373 tuum
1324 334 1483 386 colliges
1511 348 1595 374 cor-

244 407 358 446 num,
399 399 438 432 et
472 395 527 432 sic
561 394 790 433 aduersario
829 395 983 433 resistis
1023 395 1172 444 magnis
1211 393 1383 446 uiribus,
1424 406 1473 432 ne
1513 401 1596 434 arte

244 453 413 503 pellaris.
461 453 593 491 Tertia
621 453 858 504 depugnatio
886 458 946 491 est
973 453 1110 491 similis
1131 453 1339 505 secundae,
1366 453 1435 491 sed
1461 454 1502 491 in
1523 453 1596 493 hoe

245 512 429 562 deterior,
457 512 562 562 quod
583 525 603 550 a
625 513 786 551 sinistro
808 524 932 551 cornu
953 518 1020 551 tuo
1049 524 1137 550 cum
1164 511 1269 550 illius
1289 513 1431 562 incipis
1458 512 1596 551 dextro

245 571 468 621 confligere.
511 570 609 609 Nam
630 573 743 622 quasi
764 583 927 610 mancus
953 572 1124 622 impetus
1151 577 1211 609 est
1238 583 1375 609 eorum
1402 576 1441 610 et
1461 577 1596 622 aperte

245 642 336 668 cum
370 629 599 668 difficultate
632 630 917 681 adgrediuntur
951 630 1086 668 hostes
1119 631 1186 680 qui
1218 631 1258 667 in
1292 631 1451 668 sinistro
1485 630 1597 669 dimi-

246 695 336 727 cant
363 701 499 728 cornu.
546 689 658 735 Quod
686 691 861 740 apertius
888 688 1114 740 explanabo.
1162 688 1203 727 Si
1236 688 1391 739 quando
1424 689 1521 727 alam
1550 691 1599 728 si-

246 750 409 787 nistram
430 748 545 799 longe
566 747 753 787 habueris
774 748 988 800 meliorem,
1013 752 1108 786 tunc
1131 749 1165 786 ei
1187 748 1422 786 fortissimos
1445 750 1598 799 equites

245 807 478 858 peditesque
506 809 701 858 coniunge
730 813 767 846 et
793 809 833 845 in
860 819 1077 858 congressu
1104 808 1228 858 ipsam
1256 808 1420 857 primam
1448 807 1599 858 applica

245 866 292 904 ad
326 865 424 904 alam
458 866 631 905 hostium
668 866 864 918 dextram,
904 873 943 905 et
981 871 1172 917 quantum
1210 872 1342 917 potes,
1381 866 1600 905 aduersarii

246 925 424 964 dextram
456 931 608 976 partem
635 925 782 977 pellere
810 932 848 964 et
875 927 1086 964 circumire
1114 926 1266 964 festina.
1314 925 1439 963 Tuam
1466 933 1598 964 autem

245 984 360 1023 aliam
387 987 587 1024 exercitus
614 991 777 1036 partem,
804 985 845 1022 in
867 997 942 1035 qua
969 985 1189 1023 deteriores
1216 983 1427 1022 bellatores
1453 984 1598 1024 habere

246 1049 284 1082 te
317 1045 434 1096 nosti,
467 1056 487 1082 a
521 1045 678 1082 sinistra
712 1043 816 1082 illius
848 1043 1076 1094 longissime
1110 1055 1259 1095 separa,
1291 1055 1339 1081 ne
1368 1043 1430 1081 uel
1463 1043 1600 1094 gladiis

245 1102 457 1141 inuadatur
489 1102 553 1141 uel
586 1103 632 1141 ad
667 1115 751 1141 eam
785 1102 860 1141 tela
894 1104 1139 1154 perueniant.
1190 1101 1233 1140 111
1260 1102 1333 1140 hoe
1361 1114 1505 1153 genere
1539 1115 1599 1141 ca-

247 1162 422 1200 uendum
463 1167 540 1213 est,
580 1174 628 1200 110
669 1163 920 1200 inimicorum
961 1162 1099 1200 cuneis
1138 1167 1362 1200 transuersa
1396 1167 1461 1200 tua
1495 1163 1599 1201 acies

246 1221 426 1260 elidatur.
484 1220 567 1259 Hoc
607 1226 738 1260 autem
778 1221 894 1259 modo
927 1233 1006 1259 uno
1040 1232 1130 1259 casu
1165 1220 1316 1259 utiliter
1348 1220 1600 1274 pugnabitur,

247 1282 281 1318 si
313 1280 567 1319 aduersarius
599 1280 829 1318 inferiorem
864 1279 1047 1318 dextrum
1080 1292 1245 1318 cornum
1278 1279 1461 1318 habuerit
1493 1286 1532 1319 et
1559 1286 1601 1319 tu

246 1338 361 1390 longe
407 1340 611 1378 fortiorem
656 1341 872 1378 sinistrum.
932 1338 1078 1384 Quarta
1124 1339 1361 1389 depugnatio
1403 1339 1491 1377 talis
1529 1345 1600 1379 est.

248 1398 345 1437 Cum
373 1398 621 1437 ordinaueris
649 1400 784 1450 aciem,
817 1404 906 1437 ante
935 1398 1245 1449 quadringentos
1272 1398 1335 1436 uel
1363 1399 1601 1449 quingentos

270 1501 314 1537 V.
341 1501 382 1536 L.
434 1505 450 1535 1
476 1501 751 1546 conponuntur]
774 1511 995 1545 componere
1016 1502 1051 1533 H
1073 1499 1310 1535 constituitur
1329 1501 1439 1544 uulyo
1497 1500 1598 1546 [tibi]

245 1549 357 1593 uulgo
417 1548 564 1593 fecerit]
592 1548 663 1582 hoc
689 1547 820 1582 feeerit:
846 1550 864 1581 λ
890 1549 1001 1592 uulyo
1063 1551 1083 1581 2
1112 1547 1225 1592 [post]
1247 1549 1287 1581 H
1345 1551 1365 1581 3
1393 1547 1541 1592 colligis
1562 1550 1602 1582 H

319 1607 431 1630 cornu
457 1608 484 1629 π
557 1599 578 1629 4
611 1595 756 1630 resistes
784 1595 820 1629 P
889 1599 908 1629 6
942 1593 1098 1638 incipies
1119 1595 1142 1628 ὃ
1216 1598 1234 1628 7
1272 1594 1384 1640 [Nam
1417 1594 1536 1640 quasi]
1564 1597 1604 1629 H

320 1642 390 1688 [et]
418 1655 434 1677 ε
558 1645 687 1687 aperte
714 1644 779 1676 αΠ
787 1642 821 1676 V
849 1643 976 1686 aperte
1007 1653 1164 1685 quorum
1189 1644 1207 1675 λ
1239 1642 1361 1686 aperti
1386 1642 1463 1676 ΒΡ
1490 1643 1602 1687 uulyo

319 1694 340 1724 8
368 1689 608 1735 difficultate]
637 1690 671 1725 d.
699 1701 826 1724 eorum
853 1702 868 1724 ε
945 1694 964 1724 9
993 1689 1200 1734 explanabo
1228 1689 1291 1723 δΡ
1315 1689 1549 1734 explanando
1569 1692 1604 1724 H

244 1738 266 1774 ἒ
296 1737 504 1782 explanabo
532 1738 566 1771 A
594 1738 614 1773 ὅ
642 1737 736 1782 expl.
765 1738 814 1771 M
838 1737 892 1771 esb
918 1737 1012 1781 expl.
1042 1737 1075 1772 G
1100 1738 1142 1770 ut
1167 1735 1215 1770 sib
1241 1735 1338 1782 expl.
1364 1739 1382 1771 λ
1444 1740 1487 1771 10
1512 1738 1602 1771 tunc

248 1809 282 1843 ei
303 1810 354 1842 αδ
373 1810 461 1843 tunc
482 1809 519 1843 et
534 1811 571 1842 H
590 1819 674 1843 011111
695 1819 739 1843 ea
756 1808 799 1853 Pl
822 1818 937 1843 cuneo
954 1808 1040 1852 LP2
1063 1784 1196 1842 cuneor
1216 1807 1245 1852 Q
1313 1810 1356 1841 12
1382 1807 1600 1853 potestwz'

246 1856 369 1902 potest
394 1857 480 1901 APl
513 1856 608 1891 Giss.
666 1856 781 1902 [adu]
811 1857 851 1890 H
908 1859 950 1889 13
976 1857 1125 1900 partem
1156 1855 1543 1901 [pellere—partem]
1566 1856 1606 1889 H

343 1903 536 1948 impellere
563 1904 586 1937 ὃ
689 1904 806 1948 tuam]
841 1904 881 1937 tu
909 1917 933 1947 μ
1032 1906 1074 1937 15
1102 1902 1246 1948 separa]
1273 1902 1443 1946 separare
1469 1904 1509 1936 H

250 1955 292 1986 16
322 1951 493 1997 [genere]
522 1963 538 1985 ε
652 1954 694 1985 19
723 1950 966 1985 infirmiorem
992 1963 1019 1984 π
1137 1961 1249 1984 cornu
1275 1949 1338 1984 ὃΡ
1443 1953 1485 1983 21
1514 1951 1600 1984 ante

248 1998 544 2043 quadringentos
564 1998 625 2032 uel
646 1997 890 2044 quingentos]
912 2009 1008 2033 unus
1028 2008 1071 2032 em
1085 1997 1248 2033 Steweeh.
1271 1997 1386 2039 libris,
1405 2008 1507 2041 quem
1526 1998 1602 2041 ipse

246 2046 287 2081 H
307 2047 411 2090 dicit,
433 2046 583 2090 praebet
608 2056 640 2078 a.
669 2046 918 2091 quadraginta
944 2045 1005 2080 uel
1027 2043 1318 2089 quinquaginta3
1345 2045 1430 2079 inde
1444 2044 1601 2079 th-stz‘us

245 2096 350 2135 (rom.
378 2094 746 2138 Krz'eqsaltertmzmer
768 2104 806 2138 10·
834 2096 909 2129 357
933 2095 1002 2138 sq.)
1029 2094 1179 2127 centum
1206 2092 1384 2136 quadrag.
1412 2104 1445 2127 u.
1475 2090 1600 2136 quinq.

247 2141 434 2186 leyemzmn
460 2144 584 2176 censet.

273 2223 307 2258 S.
334 2223 373 2258 L.
449 2227 471 2257 4
497 2223 707 2258 aduersario
733 2222 863 2269 resist]
901 2221 1173 2258 aduersariores
1193 2221 1274 2257 istis
1294 2223 1344 2267 Al
1377 2221 1600 2266 (aduersario

247 2270 408 2305 resistis
432 2270 497 2317 ΘΙ)
561 2275 580 2305 6
608 2271 739 2316 0011111]
768 2281 879 2306 001110
906 2271 941 2304 A
1005 2273 1026 2304 8
1054 2270 1322 2315 aggrediuntur
1348 2271 1385 2303 H
1442 2273 1484 2303 10
1511 2269 1598 2314 que]

248 2317 311 2362 qui
343 2319 391 2363 A1
497 2322 537 2353 11
572 2317 772 2364 coniunge]
808 2317 963 2362 coniuge
997 2317 1045 2363 Α1
1150 2320 1192 2351 12
1225 2317 1341 2363 alam]
1378 2317 1438 2352 ala
1470 2316 1505 2351 α’

249 2369 292 2400 13
319 2365 503 2412 dextram]
531 2366 660 2400 dextra
686 2366 720 2400 α’
