1638 2620
76 628 102 646 Je
114 627 196 648 officio

98 664 107 675 ς
124 663 190 677 torui

155 728 188 752 10

156 1023 188 1048 15

204 90 263 130 44
738 89 818 125 Lib.
846 89 891 135 11,
918 95 949 126 9.
979 95 1032 127 10.

206 189 299 227 secti
344 188 509 240 legionis
548 201 568 227 a
607 188 767 227 tribuno
807 187 1069 239 deputabatur
1108 190 1154 228 ad
1198 201 1375 241 poenam.
1432 190 1549 229 Arma

206 249 380 286 omnium
407 248 587 298 militum,
619 248 713 285 item
742 248 832 297 equi
859 252 992 286 uestes
1019 260 1170 287 annona
1197 249 1243 287 ad
1264 260 1399 287 curam
1425 249 1549 299 ipsius

206 306 439 358 pertinebat.
484 305 720 357 Disciplinae
747 307 951 359 seueritas,
978 308 1206 346 exercitatio
1232 319 1311 345 non
1332 306 1458 346 solum
1483 320 1549 359 pe-

207 366 332 404 ditum
359 365 426 404 sed
454 367 569 403 etiam
598 366 775 415 equitum
807 364 1113 415 legionariorum
1138 371 1349 417 praecepto
1376 367 1461 404 eius
1487 379 1550 405 co-

207 425 301 463 tidie
322 423 546 462 curabatur.
585 423 673 473 lpse
693 428 824 462 autem
844 425 973 463 iustus
994 425 1160 476 diligens
1181 425 1337 464 sobrius
1358 425 1552 475 legionem

207 483 282 522 sibi
314 483 504 522 creditam
536 482 709 521 adsiduis
743 482 928 534 operibus
954 483 1001 522 ad
1030 496 1184 522 omnem
1212 483 1476 536 deuotionem,
1506 484 1552 522 ad

207 553 363 580 omnem
384 541 577 580 formabat
596 541 842 593 industriam,
865 544 993 581 sciens
1014 543 1061 580 ad
1081 543 1268 593 praefecti
1291 542 1445 581 laudem
1462 542 1552 581 sub-

213 627 336 652 pmfecfl
349 602 544 639 iectorum
557 600 779 639 redundare
796 601 997 640 uirtutem.
1028 600 1073 640 X.
1095 601 1189 640 Erat
1203 603 1319 640 etiam
1335 606 1554 640 castrorum

349 660 592 712 praefectus,
626 658 717 698 licet
747 659 911 698 inferior
938 660 1144 713 dignitate,
1177 666 1392 711 occupatus
1424 666 1554 699 tamen

208 732 286 757 non
307 718 575 757 mediocribus
601 720 741 770 causis,
769 718 814 756 ad
843 731 959 769 quem
984 725 1204 758 castrorum
1225 720 1379 770 positio,
1400 719 1492 757 ualli
1518 724 1558 758 et

208 779 334 816 fossae
356 779 576 817 aestimatio
603 777 836 828 pertinebat.
881 777 1150 817 Tabernacula
1170 778 1235 817 uel
1255 790 1367 817 casae
1387 778 1556 816 militum

208 849 298 875 cum
331 837 609 888 inpedimentis
643 836 824 875 omnibus
857 842 954 875 nutu
987 838 1112 888 ipsius
1139 837 1390 876 curabantur.
1440 837 1555 875 Prae-

207 902 316 935 terea
348 898 455 946 aegri
488 895 790 934 contubernales
823 900 862 934 et
894 896 1047 949 medici,
1080 909 1099 934 a
1130 896 1273 947 quibus
1303 895 1555 948 curabantur,

209 967 402 1006 expensae
442 956 558 994 etiam
592 954 637 992 ad
671 956 756 993 eius
787 954 1022 993 industrIam
1060 955 1321 1006 pertinebant.
1370 954 1556 993 Vehicula

211 1016 393 1065 sagmarii
419 1026 574 1052 necnon
602 1015 719 1052 etiam
746 1014 995 1066 ferramenta,
1022 1014 1166 1064 quibus
1192 1015 1378 1052 materies
1399 1019 1555 1052 secatur

208 1073 273 1111 uel
294 1073 482 1124 caeditur,
507 1072 730 1123 quibusque
752 1074 984 1123 aperiuntur
1006 1073 1144 1125 fossae,
1165 1074 1390 1111 contexitur
1410 1072 1556 1111 uallum

210 1132 497 1183 aquaeductus,
530 1133 624 1170 item
663 1131 766 1181 ligna
799 1131 863 1170 uel
902 1133 1086 1170 stramina
1127 1133 1270 1170 arietes
1308 1132 1444 1182 onagri
1475 1131 1557 1170 bal-

209 1190 321 1229 listae
344 1197 553 1241 ceteraque
575 1202 719 1241 genera
739 1194 1029 1229 tormentorum
1055 1203 1104 1229 ne
1131 1190 1315 1229 deessent
1338 1190 1558 1243 aliquando,

231 1304 274 1340 V.
296 1306 336 1339 L.
396 1309 413 1338 1
442 1304 524 1349 dep.
552 1315 574 1338 a
599 1303 684 1338 trib.
703 1304 814 1348 uulgo
870 1315 974 1339 arma
1000 1305 1124 1338 autem
1147 1315 1241 1338 omn.
1266 1305 1302 1338 P
1354 1308 1374 1338 2
1395 1303 1562 1338 uestisH

208 1352 329 1387 uestes
351 1353 388 1386 et
413 1353 524 1395 uulyo
634 1354 653 1384 3
680 1351 918 1395 pertinebant
941 1351 1025 1385 λδΡ
1114 1350 1312 1397 seueritas]
1340 1351 1398 1386 ius
1419 1351 1492 1395 (uis
1506 1351 1558 1395 D)

208 1401 246 1434 et
271 1398 449 1434 seueritas
471 1399 531 1432 ὃΡ
552 1397 763 1432 seueritatis
783 1401 801 1432 λ
875 1397 1093 1433 exercitatio
1114 1398 1229 1433 HVP
1250 1397 1428 1433 exercitio
1449 1398 1560 1443 oc'QD

208 1446 385 1481 exercitio
406 1457 495 1480 corr.
517 1447 559 1480 m
579 1444 755 1479 exercitia
775 1445 809 1479 L
831 1444 1006 1479 exercitia
1027 1445 1060 1480 G
1130 1449 1149 1479 5
1171 1445 1395 1480 curabantur
1416 1445 1487 1480 HL

207 1493 325 1528 iustus
347 1495 386 1527 H
408 1492 530 1527 custus
545 1492 633 1537 MQ1
654 1492 774 1527 custos
795 1492 877 1527 A'L
902 1492 1036 1526 iustum
1057 1493 1117 1526 &P
1200 1493 1234 1527 d.
1265 1494 1302 1527 et
1328 1494 1422 1527 sobr.
1449 1494 1560 1536 καῖ-(70

280 1545 300 1575 6
327 1541 374 1574 ad
401 1551 547 1575 omnem
574 1539 812 1574 deuotionem
838 1539 1072 1574 adformabat
1090 1539 1308 1575 industriam
1329 1553 1345 1574 ε
1420 1543 1440 1574 8
1466 1540 1558 1585 red]

208 1587 407 1623 secundare
435 1587 479 1632 Gl
584 1586 665 1621 CAP.
693 1587 735 1622 X.
812 1590 854 1620 12
883 1586 1107 1622 curabantur
1134 1587 1158 1632 [.
1185 1587 1439 1622 Praeterea—
1456 1598 1559 1622 cura-

1175 1649 1195 1665 n

207 1670 358 1715 bantur]
386 1672 422 1704 H
511 1673 553 1704 15
580 1669 787 1714 sagmatum
812 1672 830 1703 λ
910 1669 1067 1714 secatur]
1096 1669 1237 1704 secatur
1263 1671 1303 1703 H
1325 1669 1482 1704 ferratur
1507 1670 1558 1705 St.

283 1721 325 1752 16
354 1717 534 1752 ceduntur
560 1719 598 1750 H
621 1718 681 1751 sed
706 1728 754 1750 un
781 1717 823 1750 iu
848 1717 868 1751 l.
897 1728 964 1759 εφη
989 1718 1106 1752 subest
1131 1717 1144 1751 i
1217 1716 1424 1761 quibusque
1449 1718 1559 1762 uulyo

282 1763 490 1799 contexitur
520 1764 663 1797 uallum
696 1764 951 1807 aquaeductus
972 1777 998 1798 π
1034 1763 1249 1798 contessitur
1274 1765 1414 1798 uallum
1441 1776 1560 1808 aquae

209 1811 340 1846 doct-us
362 1813 397 1845 A
431 1810 648 1846 contessitur
678 1823 712 1846 u.
747 1821 864 1854 aeque
896 1811 1028 1846 doctus
1057 1812 1105 1845 M
1135 1811 1351 1846 contessitur
1381 1813 1486 1855 (corr.
1519 1813 1560 1846 m

209 1858 431 1902 contexitur)
464 1871 499 1892 u.
533 1868 673 1902 aequae
706 1857 840 1892 ductus
864 1857 897 1892 G
927 1857 1143 1894 contessitus
1165 1858 1312 1900 (contes.
1340 1857 1430 1892 situs
1450 1859 1499 1903 L)
1524 1871 1558 1894 u.

208 1917 327 1950 aquae
349 1905 482 1941 ductus
497 1908 515 1939 λ
541 1905 751 1940 contexitur
770 1916 803 1939 u.
819 1908 857 1939 et
875 1906 1131 1949 aquaeductus
1147 1906 1404 1942 Korttianus2
1426 1916 1559 1949 aquae—

209 1953 348 1997 ductus,
370 1953 579 1987 contexitur
591 1965 626 1986 u.
645 1952 736 1987 Oud.
752 1952 960 1997 consepitur
979 1953 1121 1987 uallum
1141 1964 1236 1996 aqua
1255 1952 1423 1987 educitur
1438 1954 1559 1987 Ianus

212 2000 429 2035 Guilielmus
453 2004 552 2043 (teste
578 1999 708 2041 Schw.)
743 2000 952 2034 contexitur
982 2000 1123 2034 uallum
1149 2003 1260 2044 atque
1287 2010 1405 2044 aquae
1432 1999 1565 2035 ductus

208 2048 361 2090 fortasse
387 2049 450 2093 ley.
551 2050 591 2081 17
620 2045 787 2081 bailistae
815 2048 854 2081 H

235 2142 269 2175 S.
297 2142 337 2175 L.
415 2146 431 2176 1
460 2143 508 2176 ad
534 2141 649 2186 pena2
675 2143 715 2175 H
808 2144 829 2174 4
855 2141 1074 2187 praecepto]
1107 2140 1327 2185 praeceptos
1348 2142 1383 2175 α’
1481 2142 1557 2176 cot-

209 2188 301 2223 tidie
328 2189 392 2234 Αμ
514 2193 533 2223 6
567 2188 718 2223 assiduis
741 2189 780 2221 H
898 2192 918 2223 8
951 2189 1172 2234 redundare]
1205 2188 1401 2223 retundare
1427 2189 1464 2223 A

210 2236 292 2270 CAP.
319 2236 363 2271 X.
417 2240 459 2271 10
485 2234 592 2282 ualli]
620 2235 712 2271 belli
738 2249 762 2280 μ
861 2240 902 2270 11
931 2235 1050 2281 casae]
1079 2235 1180 2282 cesae
1206 2234 1240 2269 α’
1269 2236 1329 2280 (Q)
1422 2239 1464 2270 12
1490 2235 1558 2270 im-

209 2283 291 2326 ped.
320 2285 359 2317 H
470 2283 579 2329 nutu]
608 2285 699 2318 notu
725 2283 760 2316 A
885 2287 926 2317 14
953 2282 1127 2317 uehicula
1152 2282 1342 2328 sagmarii]
1369 2282 1562 2317 uehiculas

212 2330 368 2375 agmarii
396 2331 444 2364 M
468 2330 660 2365 uehiculas
682 2330 824 2375 aginari
851 2331 885 2364 A
986 2334 1026 2364 17
1055 2329 1246 2375 stramina]
1272 2328 1462 2365 istramina
1487 2330 1523 2364 A
