1638 2620
614 131 692 167 Lib.
719 131 764 176 Η,
793 136 822 167 1.
851 136 884 166 2.
1373 131 1429 173 35

85 245 131 272 ex
157 245 200 271 re
225 233 309 283 ipsa
335 236 451 282 atque
478 243 597 281 opere
624 231 802 269 exercitii
828 242 971 269 nomen
998 231 1159 281 accepit,
1186 236 1230 269 ut
1257 232 1293 268 ei
1318 243 1429 269 num-

85 303 200 343 quam
225 291 362 329 liceret
388 289 568 328 obliuisci
595 289 699 341 quod
726 289 954 329 uocabatur.
1004 288 1148 327 Verum
1175 291 1251 340 ipsi
1278 289 1430 340 pedites

82 353 122 389 in
154 350 251 389 duas
283 349 401 388 diuisi
432 353 524 387 sunt
555 353 699 400 parteS,
731 349 805 387 hoc
839 354 898 387 est
930 350 970 386 in
1002 347 1144 387 auxilia
1175 353 1214 386 et
1244 348 1430 399 legiones.

84 409 160 448 Sed
200 407 340 448 auxilia
372 419 392 446 a
425 408 541 445 sociis
580 407 643 446 uel
684 407 896 446 foederatis
934 407 1116 458 gentibus
1155 406 1430 459 mittebantur3

82 468 255 507 Romana
293 472 422 505 autem
463 467 591 504 uirtus
628 467 841 517 praecipue
881 468 920 505 in
952 466 1151 517 legionum
1184 466 1466 505 ordinatione5

80 525 307 579 praepollet.
364 525 484 576 Legio
517 530 646 563 autem
680 524 726 562 ab
767 525 946 576 eligendo
986 525 1176 577 appellata
1209 531 1286 576 est,
1325 525 1430 576 quod

81 584 319 625 uocabulum
351 596 488 623 eorum
521 583 718 622 desiderat
750 583 866 622 fidem
906 589 1022 635 atque
1062 584 1321 636 diligentiam
1361 586 1430 635 qui

80 644 224 683 milites
244 643 423 695 probant.
455 642 498 681 In
520 642 673 681 auxiliis
688 643 828 694 minm,
840 644 879 681 in
901 642 1121 694 legionibus
1136 643 1250 694 longe
1266 643 1430 695 amplior

82 704 289 742 consueuit
303 702 471 740 militum
486 713 674 741 numerus
690 701 871 740 adsciihi.
904 702 948 740 ΙΙ.
970 701 1145 753 Denique
1161 702 1287 741 Mace·
1303 727 1387 754 Qum
1390 730 1448 749 me„
1436 728 1572 778 {Zgiones

81 762 203 801 dones
230 761 368 800 Graeci
395 761 563 799 Daidani
588 760 799 812 phalangas
825 760 1060 813 habuerunt,
1082 763 1185 799 utin
1214 774 1289 800 una
1303 758 1445 778 ‘mma
1488 759 1562 779 ΜΨ

25 870 30 871 ⁷
79 821 269 872 phalange
290 825 529 858 armatorum
543 833 617 860 vm
636 819 741 858 milia
763 825 1032 858 censerentur.
1068 819 1164 858 Galli
1185 825 1300 871 atque
1317 820 1430 859 Celti-

79 879 166 918 beri
180 879 392 930 pluresque
415 878 602 917 barbarae
625 880 804 917 nationes
825 880 996 917 cateruis
1017 879 1260 917 utebantur
1250 892 1290 918 in
1317 892 1430 930 proe-

79 938 143 990 lio,
164 940 204 977 in
232 937 375 989 quihus
402 945 514 976 erant
534 949 626 976 sena
648 937 752 976 milia
776 943 1026 977 armatorum.
1072 937 1237 976 Romani
1257 938 1430 989 legiones

80 997 241 1049 hahent,
280 998 320 1035 in
354 996 497 1048 quibus
530 997 692 1047 singulis
727 1009 819 1035 sena
858 997 982 1048 milia,
1024 997 1223 1035 interdum
1263 997 1430 1048 amplius

79 1056 246 1095 militare
275 1061 528 1095 consuerunt.
580 1055 681 1100 Quid
709 1061 839 1095 autem
872 1057 976 1094 inter
1007 1055 1182 1107 legiones
1216 1062 1255 1094 et
1287 1056 1428 1094 auxilia
1450 1065 1482 1090 15

79 1117 271 1154 interesse
298 1114 491 1166 uideatur,
526 1114 740 1166 expediam.
789 1114 1009 1153 Auxiliares
1036 1127 1125 1153 cum
1153 1115 1354 1154 ducuntur
1381 1114 1427 1153 ad

78 1174 284 1226 proelium,
319 1186 364 1212 ex
392 1173 562 1212 diuersis
591 1173 700 1226 loeis,
735 1186 781 1212 ex
809 1174 979 1212 diuersis
1006 1176 1183 1213 numeris
1210 1175 1428 1225 uenientes,

78 1245 151 1272 nec
191 1231 395 1283 disciplina
433 1234 537 1271 inter
570 1245 610 1271 se
645 1245 716 1271 nec
751 1234 887 1272 notitia
920 1245 992 1271 nec
1025 1233 1230 1271 affectione
1265 1245 1428 1272 consen-

78 1293 192 1331 tiunt.
249 1291 332 1329 Alia
369 1292 570 1343 instituta,
610 1291 708 1330 alius
747 1293 850 1330 inter
884 1304 950 1330 eos
984 1298 1043 1330 est
1082 1304 1178 1331 usus
1216 1304 1427 1331 armorum.

76 1350 248 1389 Necesse
282 1356 341 1388 est
373 1356 503 1388 autem
530 1350 681 1389 tardius
709 1351 755 1388 ad
783 1352 990 1389 uictoriam
1017 1353 1228 1401 peruenire
1258 1352 1325 1402 qui
1352 1351 1427 1389 dis-
1449 1362 1483 1386 20

78 1415 252 1461 crepant,
286 1415 494 1459 antequam
521 1409 720 1448 dimicent.
772 1409 949 1460 Denique
977 1422 1066 1448 cum
1098 1411 1138 1448 in
1172 1410 1427 1461 expeditioni-

76 1468 151 1507 bus
183 1468 397 1519 plurimum
429 1469 556 1518 prosit
588 1480 724 1506 omnes
757 1468 901 1507 milites
934 1470 1052 1507 unius
1084 1470 1285 1520 praecepti
1312 1470 1429 1520 signi-

101 1593 143 1627 V.
171 1594 209 1628 L.
286 1597 303 1626 1
333 1604 376 1627 ex
401 1604 439 1627 re
466 1592 560 1637 ipsa]
588 1604 632 1627 ex
658 1604 697 1628 re
723 1593 762 1628 in
788 1593 867 1638 ipsa
894 1596 932 1627 H
1003 1598 1023 1628 2
1050 1593 1164 1628 liceat
1190 1594 1248 1628 Ga
1321 1598 1340 1628 3
1373 1594 1427 1639 [in

77 1640 218 1675 auxilia
245 1641 282 1675 et
307 1639 480 1684 legiones.
533 1639 620 1686 Sed]
649 1653 664 1675 ε
767 1645 788 1674 4
814 1641 889 1686 uel]
919 1642 956 1675 et
982 1642 1003 1675 δ
1101 1645 1120 1675 5
1150 1640 1303 1686 [uirtus]
1333 1642 1372 1674 Π

172 1687 252 1723 CAP
282 1668 382 1721 1109
409 1687 633 1722 macedones
654 1687 770 1733 Εσιείτ*2
799 1688 1029 1723 macetiones
1048 1687 1091 1732 G
1124 1687 1291 1722 actiones
1306 1687 1369 1732 Αμ

78 1739 121 1769 10
146 1735 310 1780 pghalan
314 1734 354 1768 as
375 1733 415 1767 E
444 1734 651 1779 phalanges
672 1736 712 1768 H
740 1735 910 1780 falanges
932 1736 1018 1769 αὸΡ
1046 1714 1230 1779 fallanges
1252 1748 1276 1779 μ
1388 1736 1429 1770 ut

77 1802 119 1806 —-
142 1781 375 1817 censerentur
394 1780 450 1815 Εε
474 1782 546 1827 [ut]
568 1802 611 1806 —
634 1748 876 1817 censebantdgi
897 1784 936 1816 H
953 1784 990 1817 et
1010 1803 1051 1807 —
1074 1782 1293 1817 censueiunt
1314 1782 1374 1816 aP

78 1833 119 1863 11
147 1829 334 1874 phalange
362 1830 400 1862 Π
423 1828 573 1874 falange
601 1829 700 1863 sDP
723 1830 913 1874 phalanga
938 1830 978 1864 E
1001 1829 1154 1873 falanga
1173 1829 1207 1863 V
1276 1833 1318 1863 12
1346 1830 1427 1864 bar-

74 1877 187 1911 barae
201 1876 268 1910 Επ
282 1874 496 1911 barbaricae
511 1889 527 1910 ε
578 1876 738 1922 proelio]
754 1877 939 1920 proeliaA
992 1881 1033 1911 16
1049 1888 1132 1911 cum
1150 1876 1200 1921 d.]
1218 1876 1427 1910 conducun-

74 1924 135 1957 tur
160 1925 271 1968 uulyo
347 1927 388 1957 17
422 1934 465 1956 ex
491 1923 644 1957 diuersis
671 1923 765 1958 locis
792 1936 835 1959 ex
869 1924 943 1959 diu.
975 1924 1137 1958 numeris
1165 1923 1255 1957 A'H
1283 1934 1327 1957 ex
1353 1924 1427 1958 diu.

74 1970 168 2005 locis
196 1971 234 2005 ein
265 1971 338 2005 diu.
371 1982 469 2004 num.
497 1971 557 2004 aP
593 1970 653 2016 [ex
685 1970 758 2005 diu.
792 1972 841 2017 l.]·
867 1983 911 2006 ex
942 1971 1098 2006 diuersis
1124 1970 1289 2005 numeris
1309 1984 1334 2015 μ

78 2021 120 2052 18
147 2017 338 2063 discipline
364 2038 408 2042 —
435 2017 591 2052 notitiae
625 2038 668 2042 —·
701 2018 889 2053 affectioni
915 2022 932 2053 λ
1006 2019 1103 2053 inter
1138 2018 1204 2063 [se]
1235 2019 1274 2051 H
1344 2028 1428 2053 con-

75 2065 251 2111 sentiunt]
279 2064 479 2099 consistunt,
511 2065 581 2098 ῙῬ
678 2069 720 2100 19
748 2065 839 2112 alia]
865 2066 957 2100 talia
983 2079 1006 2099 α
1032 2066 1129 2100 inter
1153 2065 1246 2099 talia
1272 2067 1290 2098 λ

100 2183 135 2217 S.
154 2183 196 2217 L.
248 2187 269 2217 4
294 2182 472 2218 federatis
494 2184 533 2216 H
589 2187 608 2217 6
637 2183 816 2228 elegendo
844 2196 860 2218 ε
920 2184 1125 2229 appellata]
1155 2183 1382 2227 appellanda
1408 2195 1424 2217 ε

171 2229 252 2265 CAP.
279 2230 323 2265 II.
377 2234 416 2264 11
444 2229 552 2275 galli]
580 2229 688 2274 gallii
714 2244 738 2264 α
862 2235 903 2266 12
930 2231 1072 2276 plures]
1113 2229 1233 2275 pluris
1254 2231 1301 2275 Al

76 2276 237 2312 caterbis
258 2278 304 2322 A1
383 2277 526 2322 praelio
548 2278 586 2311 E
661 2282 703 2312 16
730 2279 938 2323 expediam]
966 2277 1139 2322 expediat
1160 2278 1209 2312 M
1304 2282 1344 2312 18
1371 2278 1425 2312 di-

76 2323 246 2370 sciplina]
275 2324 508 2369 disciplinam
529 2338 554 2358 α
610 2326 797 2367 (notitiam
825 2347 868 2350 —
897 2326 1130 2360 affectionem
1157 2325 1203 2368 G)
1256 2329 1297 2358 21
1327 2326 1425 2359 demi

75 2372 160 2406 cent
185 2371 232 2417 A1
340 2376 384 2406 22
411 2371 603 2416 praecepti
630 2372 670 2419 s.]
700 2373 911 2418 praeceptis
935 2372 958 2407 s.
986 2374 1024 2406 H

1163 2431 1210 2465 3ss
