1638 2620
147 721 180 746 10

56 915 203 971 Apduersum

150 947 178 965 ut

200 84 283 125 144
696 84 775 119 Lib.
802 83 881 128 ΠΗ,
908 88 963 120 22.
991 88 1047 119 23.

198 185 326 223 citatis
352 182 588 230 hominibus,
616 183 685 233 qui
710 194 935 221 mensuram
963 184 1048 222 eius
1075 189 1164 223 ante
1185 183 1426 236 collegerint,
1453 184 1543 223 diri-

198 249 329 294 gatur,
367 247 550 293 penetrat
588 240 864 292 quodcumque
904 243 1158 292 percusserit.
1217 242 1372 294 Onager
1413 249 1544 281 autem

199 301 332 352 dirigit
370 301 536 352 lapides,
577 299 645 338 sed
677 312 749 351 pro
783 312 1000 339 neruorum
1033 300 1294 340 crassitudine
1328 307 1367 340 et
1398 302 1544 352 magni-

199 359 334 399 tudine
375 371 557 398 saxorum
596 358 770 409 pondera
808 359 1018 412 iaculatur3
1062 372 1152 398 nam
1197 365 1342 411 quanto
1381 360 1546 411 amplior

199 419 335 469 fuerit,
378 423 484 457 tanto
524 419 670 456 maiora
704 430 794 456 saxa
827 418 999 457 fulminis
1032 431 1141 457 more
1174 424 1420 470 contorquet.
1478 419 1546 457 His

200 477 354 516 duobus
387 476 599 527 generibus
632 476 737 515 nulla
770 483 1057 516 tormentorum
1090 479 1242 529 species
1274 477 1547 516 uehementior

199 537 414 575 inuenitur.
474 535 712 587 Scorpiones
744 535 943 588 dicebant,
986 549 1082 587 quas
1114 549 1219 575 nunc
1253 536 1545 575 manuballistas

200 601 355 646 uocant,
388 594 476 633 ideo
510 596 566 633 sic
599 596 827 646 nuncupati,
861 595 964 646 quod
991 596 1125 646 paruis
1152 595 1443 646 subtilibusque
1470 597 1546 646 spi-

200 653 299 692 culis
331 654 506 692 inserunt
540 658 719 692 mortem.
778 653 1000 694 Fustibalos
1033 653 1302 693 arcuballistas
1335 661 1374 693 et
1406 654 1547 693 fundas

201 712 426 751 describere
460 712 706 764 superfluum
737 718 845 764 puto,
879 725 976 764 quae
1010 725 1199 764 praesens
1232 726 1327 752 usus
1360 714 1548 764 agnoscit,

201 771 312 810 Saxis
338 777 467 810 tamen
493 771 744 822 grauioribus
770 783 842 822 per
868 784 1058 822 onagrum
1085 772 1290 811 destinatis
1317 785 1395 810 non
1423 772 1549 811 solum

201 831 294 882 equi
320 830 521 869 eliduntur
549 837 587 870 et
612 831 792 869 homines
814 831 882 869 sed
903 833 1020 869 etiam
1042 831 1213 870 hostium
1236 831 1550 870 machinamenta

219 922 261 965 1ss
263 917 313 965 ,0ῆο
288 891 592 941 tes'fianguntun
638 889 775 928 XXIII.
796 890 1018 929 Aduersum
1046 892 1188 929 arietes
1210 892 1326 929 etiam
1348 890 1411 929 uel
1431 889 1550 928 falces

57 951 136 1025 ,Ξξῇ
132 951 218 1000 ‘impi
235 951 330 996 cmg
345 955 438 987 sunt
469 948 581 1000 pluia
614 949 798 988 lemedia.
854 948 1050 1000 Aliquanti
1091 955 1278 987 centones
1317 955 1356 988 et
1388 948 1551 988 culcitas

94 1010 153 1031 e*gl
155 1011 167 1024 ss
172 1005 256 1025 [liores

148 1312 181 1337 20

346 1007 506 1047 funibus
547 1007 701 1047 chalant
734 1014 773 1046 et
804 1007 880 1046 illis
919 1007 1124 1059 obponunt
1162 1008 1276 1060 locis,
1316 1020 1392 1059 qua
1424 1007 1552 1046 caedit

202 1068 322 1118 aries,
361 1072 405 1105 ut
443 1068 613 1117 impetus
647 1067 848 1105 machinae
882 1068 1046 1105 materia
1078 1066 1256 1105 mollioie
1290 1067 1439 1106 fractus
1472 1079 1550 1105 non

202 1125 378 1164 destruat
413 1138 581 1164 murum.
638 1125 712 1164 Alii
744 1125 895 1177 laqueis
929 1131 1063 1176 captos
1097 1128 1239 1165 arietes
1271 1138 1342 1176 per
1375 1125 1549 1164 multitu-

201 1184 333 1223 dinem
359 1185 563 1223 hominum
591 1184 637 1223 de
666 1197 779 1223 muro
806 1186 845 1222 in
873 1184 1075 1235 obliquum
1104 1185 1265 1224 trahunt
1286 1190 1435 1224 etcum
1456 1185 1551 1236 ipsis

202 1243 467 1282 testudinibus
500 1250 697 1282 euertunt.
746 1243 884 1282 Plures
911 1245 948 1282 in
977 1243 1136 1282 modum
1170 1244 1315 1282 forficis
1349 1244 1550 1283 dentatum

202 1302 362 1341 funibus
389 1302 553 1353 inligant
581 1303 740 1354 serrum,
768 1314 885 1353 quem
908 1302 1044 1354 lupum
1065 1309 1219 1354 uocant,
1245 1302 1551 1353 adprehensum-

203 1374 279 1412 que
312 1363 475 1400 arietem
509 1367 575 1400 aut
608 1367 795 1401 euertunt
828 1367 896 1401 aut
920 1363 973 1401 ita
1000 1362 1259 1414 suspendunt,
1292 1368 1336 1400 ut
1361 1363 1553 1412 impetum

225 1452 268 1488 V.
294 1452 332 1487 L.
435 1456 452 1486 1
480 1452 672 1487 hominum
699 1451 762 1485 ὃΡ
857 1451 1078 1496 collegerint
1102 1464 1129 1485 π
1156 1452 1376 1495 colligerent
1401 1465 1425 1486 α
1451 1452 1554 1486 colli-

201 1500 334 1544 gerant
359 1501 378 1532 λ
505 1499 713 1544 dirigantur
740 1499 801 1532 &P
925 1503 944 1533 2
972 1500 1144 1544 penetrat
1176 1498 1435 1543 quodcumque
1470 1509 1551 1543 per-

203 1545 352 1581 cusserit
371 1547 428 1588 (in
441 1550 610 1581 contextu
623 1547 804 1588 omissum,
825 1547 865 1580 in
885 1547 1049 1591 maraine
1068 1548 1107 1588 (a
1123 1545 1185 1585 12)
1205 1547 1408 1591 suppletum
1423 1547 1485 1589 M)
1499 1546 1556 1581 εΡ

202 1594 378 1638 penetrat
409 1604 640 1637 quecumque
672 1573 891 1638 percusserit
914 1596 952 1627 H
980 1595 1178 1636 penetrant
1209 1605 1440 1641 quecumque
1473 1604 1553 1638 per-

203 1640 377 1675 eusserint
407 1640 441 1675 V
465 1640 543 1693 [p.]·
565 1651 819 1685 quaecumque
845 1639 1088 1684 percusserint
1113 1641 1151 1674 D
1248 1645 1268 1676 3
1296 1640 1374 1687 sed]
1404 1641 1470 1676 et?

203 1692 223 1722 5
250 1686 393 1723 maiora
418 1701 445 1722 π
471 1688 589 1740 maior
616 1701 640 1722 α
665 1687 787 1732 magis
808 1690 826 1721 λ
926 1692 943 1722 7
972 1687 1065 1732 quos
1085 1686 1121 1722 π’
1210 1692 1230 1722 9
1256 1688 1419 1723 inferant
1444 1689 1554 1732 uulgyo

348 1738 389 1769 12
424 1734 510 1778 equi
537 1737 574 1770 et
605 1735 777 1770 homines
799 1734 987 1769 eliduntur
1012 1736 1087 1777 (sed
1113 1735 1161 1770 eli
1187 1736 1210 1770 2'
1238 1736 1259 1770 l.
1286 1739 1351 1773 er.)
1377 1737 1417 1769 H

204 1782 284 1817 CAP.
313 1782 444 1818 XXIIl.
498 1787 539 1817 13
566 1782 752 1817 Aduersus
774 1783 813 1816 H
874 1786 915 1817 15
943 1783 1094 1818 chalant
1123 1782 1278 1818 Turneb.
1305 1783 1402 1817 Adu.
1429 1786 1488 1825 24,
1507 1785 1554 1818 25

204 1830 330 1864 calant
356 1831 416 1864 εΠ
440 1830 587 1865 caleant
613 1831 675 1864 δΡ
813 1840 886 1873 qua
913 1829 969 1864 sP
989 1841 1061 1877 que
1093 1829 1127 1864 V
1148 1840 1218 1874 que
1244 1832 1282 1864 H
1307 1841 1379 1874 quo
1406 1830 1444 1864 D

205 1876 303 1912 cedit
327 1877 433 1922 ΑμΠ
518 1882 560 1912 18
585 1878 740 1912 trahunt
765 1876 901 1911 sursum
929 1878 966 1911 et
992 1879 1028 1911 H
1097 1880 1139 1911 19
1166 1842 1338 1911 euertunqt
1362 1876 1493 1922 plures
1523 1877 1555 1912 G

204 1935 259 1958 eu.
287 1923 419 1968 plures.
470 1925 545 1958 Alii
571 1927 610 1958 H
699 1928 743 1958 20
771 1924 930 1968 alligant
955 1927 994 1958 H
1084 1924 1182 1968 quod
1209 1925 1285 1958 HD
1381 1928 1424 1958 21
1453 1934 1555 1959 euer-

204 1971 303 2017 tunt]
332 1973 508 2006 auertunt
534 1972 570 2006 P
594 1971 757 2007 Oudencl.
839 1952 926 2017 Oita]
954 1971 1100 2007 modico
1128 1973 1168 2005 H

229 2053 264 2088 S.
286 2054 324 2088 L.
389 2058 409 2088 3
438 2053 692 2099 crassitudine]
721 2053 999 2089 crassitudinem
1026 2055 1061 2087 α’
1112 2053 1384 2099 magnitudine]
1412 2053 1554 2099 magni-

205 2101 334 2137 tudine
364 2101 395 2145 (⁴
427 2104 489 2146 er.)
516 2102 552 2135 A
627 2104 647 2135 5
674 2101 858 2148 fulminis]
887 2101 1051 2136 fluminis
1074 2103 1113 2135 H
1135 2102 1204 2145 (V)
1278 2101 1493 2146 contorquit
1519 2100 1552 2135 α’

733 2157 749 2174 Ο

302 2188 319 2218 7
348 2183 536 2229 scm-pines
557 2184 593 2219 A
631 2183 817 2228 seorpines
839 2184 872 2219 G
969 2184 1145 2218 manuba}
1147 2183 1250 2219 listas
1272 2185 1311 2218 H
1406 2188 1426 2218 9
1453 2195 1552 2220 areo—

204 2230 372 2265 ballistas
395 2243 410 2265 ε
440 2231 683 2266 arcobalistas
704 2234 743 2265 H
840 2235 882 2266 13
909 2231 1146 2276 franguntur]
1173 2231 1393 2275 frangantur
1418 2231 1466 2291 A

204 2277 284 2312 CAP.
314 2278 444 2312 XXIII.
525 2284 566 2313 15
594 2280 786 2326 opponunt
812 2281 878 2324 μΠ
997 2283 1038 2313 16
1066 2278 1222 2324 fractus]
1251 2278 1388 2314 fractos
1410 2292 1434 2312 α

206 2328 247 2359 18
276 2325 485 2371 obliquum]
517 2326 703 2360 oblicuum
732 2340 754 2360 α
865 2330 910 2360 20
937 2326 1088 2371 appieh.
1118 2328 1156 2360 H
