1638 2620
646 119 726 154 Lib.
751 118 812 162 111,
839 121 894 153 25.
1368 117 1452 159 119

110 221 287 259 cessitate
315 219 426 257 ducis
453 219 673 257 constantia
698 222 821 256 totam
848 216 923 255 sibi
949 217 1073 267 possit
1099 216 1300 254 uindicare
1327 217 1452 254 uicto·

110 281 214 318 riam.
248 276 605 316 Innumerabilibus
625 276 700 315 hoc
721 276 862 314 accidit
882 275 1005 326 bellis,
1027 280 1066 313 et
1086 287 1157 325 pro
1179 274 1453 325 superioribus

111 344 199 376 sunt
231 335 354 375 habiti
387 337 454 386 qui
487 336 646 373 minime
680 335 952 385 desperarunt.
1009 333 1106 372 Nam
1138 335 1178 372 in
1212 333 1329 372 simili
1362 345 1452 372 con-

110 395 259 434 dicione
287 396 426 433 sortior
453 393 629 432 creditur
655 406 772 444 quem
800 393 965 432 aduersa
992 405 1070 431 non
1099 393 1296 442 frangunt.
1339 392 1453 430 Prior

109 465 203 504 ergo
233 453 280 492 de
319 454 443 491 caesis
482 452 662 491 hostibus
701 453 824 503 spolia
863 453 1005 502 capiat,
1048 451 1151 502 quod
1190 452 1267 502 ipsi
1306 451 1489 502 dicunt,5

110 511 261 562 colligat
293 523 485 563 campum,
517 512 626 561 prior
659 510 828 549 clamore
861 523 905 549 ac
937 510 1093 549 bucinis
1121 510 1296 549 exultare
1322 509 1453 548 uidea-

109 576 186 609 tul.
237 569 314 609 Hac
340 571 483 609 fiducia
508 571 561 608 ita
592 569 833 620 perterlebit
858 571 1052 620 inimicos,
1084 570 1137 607 ita
1164 570 1245 608 suis
1271 569 1454 607 fiduciam

110 628 339 681 geminabit,
378 630 490 680 quasi
522 630 651 667 uictor
683 640 729 667 ex
762 629 870 666 omni
901 634 1011 679 palte
1042 601 1283 667 ⁷discesse1it.
1341 627 1454 673 Quod

111 690 144 727 si
170 688 299 738 aliquo
324 700 418 727 casu
445 689 589 726 omnis·
597 689 638 725 in
665 688 747 726 acie
775 686 963 725 fundatur
990 688 1200 739 exercitus,
1233 688 1455 737 perniciosa

110 746 260 798 clades3
299 752 427 785 tamen
465 747 726 797 reparationis
764 745 899 784 multis
938 746 1097 784 fortuna
1129 758 1207 784 uon
1241 746 1384 797 defuit,
1417 750 1455 784 et
1476 754 1508 778 10

110 805 304 844 medicina
326 805 546 856 quaerenda
567 810 638 843 est.
684 804 768 843 Dux
796 817 888 855 ergo
916 804 1106 854 prouidus
1135 804 1207 843 sub
1236 817 1279 842 ea
1306 804 1457 842 cautela

110 864 267 915 publico
302 863 417 903 debet
448 863 572 902 Marte
605 863 836 914 confligere,
869 869 935 915 ut,
967 865 1001 901 si
1034 863 1127 913 quid
1159 875 1231 914 pro
1265 865 1456 902 uarietate

110 922 304 962 bellorum
339 923 400 961 uel
432 923 675 961 condicionis
708 922 900 960 humanae
933 934 1049 961 secus
1076 922 1275 974 acciderit,
1308 922 1457 972 absque

111 983 224 1033 graui
245 982 481 1020 detrimento
502 981 643 1020 liberet
664 982 803 1020 uictos.
842 980 939 1019 Nam
961 982 993 1019 si
1013 982 1135 1020 uicini
1157 980 1275 1019 colles
1298 982 1457 1032 fuerint,

112 1042 146 1079 si
178 1047 267 1092 post
298 1046 407 1091 terga
439 1041 624 1092 munitio,
663 1042 696 1078 si
735 1042 877 1078 ceteris
916 1039 1220 1078 abscedentibus
1252 1039 1457 1078 fortissimi
1479 1049 1510 1074 15

112 1101 259 1150 quique
292 1101 522 1151 restiterint,
556 1111 596 1137 se
630 1111 802 1150 suosque
836 1099 1063 1137 seruabunt.
1109 1099 1356 1150 Frequenter
1382 1100 1457 1136 iam

112 1159 197 1197 fusa
230 1160 334 1196 acies
368 1158 566 1209 dispersos
599 1170 642 1196 ac
675 1159 820 1208 passim
848 1164 1059 1209 sequentes
1086 1159 1277 1208 reparatis
1304 1157 1457 1196 uiribus

113 1218 328 1256 interemit.
377 1217 598 1268 Numquam
620 1216 887 1256 exultantibus
914 1218 1039 1255 maius
1067 1216 1167 1255 solet
1194 1218 1354 1255 euenire
1382 1216 1457 1254 dis-

111 1278 273 1327 crimen,
307 1288 423 1327 quam
456 1289 545 1314 cum
578 1288 625 1314 ex
658 1275 788 1315 subito
821 1276 967 1314 ferocia
999 1277 1039 1314 in
1072 1276 1322 1314 formidinem
1356 1287 1459 1313 com·

135 1355 178 1389 V.
205 1354 245 1389 L.
321 1359 338 1388 1
367 1353 471 1388 ducis
493 1354 697 1388 consentiat
723 1356 760 1388 et
784 1355 863 1388 tam
891 1354 924 1388 α’
952 1354 1036 1388 duci
1057 1353 1261 1389 consentiat
1281 1353 1319 1388 et
1337 1352 1461 1387 tamG-

112 1401 218 1436 ducis
239 1401 445 1436 consentiat
470 1401 706 1445 providentia
731 1404 769 1435 et
793 1402 919 1436 tamen
939 1404 956 1435 λ
1055 1405 1074 1435 2
1102 1412 1168 1444 pro
1195 1399 1459 1445 superioribus]

112 1448 319 1493 superiores
342 1448 405 1482 aP
477 1452 497 1482 5
525 1450 563 1482 et
589 1448 687 1491 quod
712 1449 822 1492 uulyo
890 1452 910 1483 6
938 1448 996 1493 ac]
1026 1449 1064 1482 et
1089 1448 1174 1492 ΠΡ1
1230 1448 1391 1482 clamare
1419 1458 1460 1481 ac

113 1495 268 1530 bucinas
291 1495 453 1530 exaltare
481 1497 502 1529 δ
601 1500 619 1530 7
649 1496 735 1540 [ita]
763 1496 824 1529 &P
893 1495 1116 1540 perterreuit
1142 1495 1175 1528 α’
1202 1494 1403 1538 perterruit
1429 1494 1462 1528 G

210 1542 282 1588 [ita
307 1542 398 1586 suis]
426 1556 449 1576 α
477 1544 514 1577 et
538 1545 556 1577 λ
584 1543 622 1577 eb
646 1542 718 1576 suis
745 1543 856 1586 uzdgyo
977 1545 996 1576 8
1023 1542 1246 1586 geminabitz]
1281 1554 1314 1585 g.
1349 1540 1461 1575 suis).

210 1594 230 1624 9
257 1590 459 1624 fundantur
485 1592 523 1623 H
605 1590 829 1634 perniciosae
856 1590 1021 1634 (pernec-
1049 1590 1085 1623 P
1105 1589 1243 1634 pernit,
1269 1589 1321 1628 D>
1349 1588 1467 1623 eladii

111 1639 239 1672 ’tamen
265 1637 326 1671 δΡ
397 1640 440 1671 10
465 1636 764 1681 repaiabionibus
785 1639 803 1670 λ
877 1639 914 1671 et,
938 1636 1052 1681 med]
1080 1637 1174 1671 haec
1201 1636 1283 1679 (hec
1306 1636 1348 1680 O)
1376 1639 1460 1670 111.λ

113 1686 183 1719 hac
208 1696 256 1720 m.
283 1684 402 1719 δοτέα.
512 1688 553 1718 12
581 1695 646 1727 pro
672 1683 856 1719 uarietate
882 1685 957 1718 An
983 1684 1133 1729 probari
1158 1684 1198 1717 et
1223 1685 1283 1717 ate
1310 1683 1359 1717 M
1379 1694 1462 1727 pro-

113 1731 215 1766 barit,
242 1732 279 1765 et
304 1733 390 1765 ante
417 1733 435 1765 λ
552 1734 594 1765 18
620 1730 804 1765 interimit]
830 1731 901 1765 GP
993 1742 1079 1765 nam
1106 1742 1231 1774 numq.
1258 1730 1368 1774 ttulgso

115 1778 279 1824 euenire]
309 1777 381 1812 esse
406 1779 516 1823 uzclgyo
613 1777 826 1823 uiri[bus—
842 1778 1112 1823 exultantNJbuf
1134 1779 1156 1811 ὃ
1255 1780 1296 1810 18
1322 1776 1460 1822 maius]

114 1825 236 1871 magis
257 1827 280 1860 ὃ
357 1829 399 1859 19
427 1835 471 1859 ex
496 1825 615 1859 subito
641 1825 665 1859 f.
693 1826 715 1860 i.
742 1825 766 1860 f.
794 1827 1043 1860 commutatur
1069 1825 1179 1869 Laus]
1204 1824 1322 1858 subito
1348 1824 1413 1858 fer.
1440 1824 1463 1858 1.

114 1872 139 1906 f.
167 1874 417 1908 commutatur
442 1873 552 1917 uiclyo
579 1883 623 1906 ex
648 1872 767 1907 subita
791 1873 814 1907 f.
841 1873 863 1907 1.
891 1873 914 1907 f.
943 1875 1217 1907 commutantur
1235 1872 1272 1905 π’
1306 1872 1465 1905 exubeta

114 1919 139 1955 f.
161 1920 182 1954 i.
204 1920 228 1955 f.
257 1931 285 1955 0.
310 1920 344 1953 α’
372 1919 538 1954 exhibita
558 1919 581 1953 f.
602 1920 624 1954 i.
646 1920 670 1953 f.
693 1922 966 1954 commutantur
986 1920 1018 1954 G
1045 1920 1261 1964 exsuperata
1280 1918 1303 1952 f.
1331 1918 1370 1952 in
1393 1918 1466 1953 for-

115 1966 296 2002 midinem
321 1966 375 2010 (in
401 1966 658 2001 fortitudinem
678 1968 710 2010 λ)
733 1968 1008 2002 commutantur
1027 1967 1086 2001 iP
1107 1966 1268 2001 Unde-ml.

141 2038 175 2072 S.
203 2038 243 2072 L.
319 2038 401 2073 CAP.
428 2037 542 2072 XXV.
594 2041 613 2070 2
642 2037 786 2072 accedit,
812 2038 846 2071 α’
903 2037 1024 2072 bellus
1046 2038 1081 2072 A
1142 2041 1161 2071 3
1191 2035 1421 2079 disperarunt
1449 2047 1464 2069 ε

201 2085 411 2120 conditione
438 2098 454 2119 ε
542 2089 562 2119 6
590 2084 752 2128 collegat
779 2085 813 2118 α’
899 2085 1053 2119 bucines
1075 2086 1114 2118 H
1206 2083 1404 2118 uideantur
1430 2084 1470 2116 H

201 2136 220 2167 7
246 2132 333 2177 hac]
361 2143 404 2167 ae
430 2133 476 2166 A'
558 2135 577 2166 8
604 2131 812 2176 geminani’t,
837 2145 860 2165 α
946 2131 1080 2177 uictor]
1109 2130 1209 2165 dicto
1236 2132 1274 2164 H
1352 2134 1371 2163 9
1400 2129 1466 2163 ali-

117 2179 208 2225 quo]
236 2179 330 2214 alico
357 2180 405 2224 Al
486 2183 527 2213 13
555 2178 780 2214 conditionis
802 2191 817 2212 ε
888 2183 931 2213 14
957 2178 1184 2214 decrimento
1212 2177 1247 2211 A
1317 2180 1358 2210 15
1385 2176 1468 2221 post,

117 2237 207 2270 erga
232 2239 256 2260 α
282 2226 351 2270 pos
371 2228 478 2271 terga
504 2229 542 2260 H
655 2225 811 2260 monitio
839 2226 894 2271 MI
1021 2223 1297 2261 abscidentibus
1319 2226 1366 2268 Al

122 2277 163 2307 16
196 2272 425 2346 refblituerinb
450 2276 487 2308 H
598 2277 640 2308 17
674 2272 858 2316 sequentis
880 2274 914 2307 α’
1026 2276 1069 2307 18
1095 2271 1311 2307 interhemit
1337 2273 1375 2304 H

122 2359 164 2390 19
191 2355 342 2390 exubita
368 2358 406 2390 H
