1638 2620
602 115 681 149 Lib.
709 115 754 157 Π,
782 119 835 149 17.
864 118 918 150 18.
1379 116 1432 157 51

90 226 245 265 quoque
266 212 500 251 residebant.
534 212 563 250 F
567 214 754 252 erentarii
774 219 903 252 autem
924 219 1144 251 armaturae
1165 213 1435 253 exculcatores

89 273 279 323 sagittarii
316 271 553 322 funditores,
594 272 667 310 hoc
707 277 766 320 est
805 271 904 311 leuis
937 277 1151 324 armatura,
1186 273 1434 311 aduersarios

87 330 355 383 prouocabant
394 334 482 368 ante
521 332 644 368 aciem
686 331 978 381 praecedentes.
1049 331 1091 369 Si
1127 331 1260 370 hostes
1300 331 1434 382 fugare

87 394 314 441 potuerant,
346 388 630 440 sequebantur3
665 391 697 427 si
730 402 865 428 eorum
899 391 1047 429 uirtute
1081 396 1148 428 aut
1180 390 1433 429 multitudine

2 445 384 500 ·’.,ρι“θΠ]θΙ)3ηῐιιι-,
417 446 723 486 reuertebantur
756 448 801 486 ad
842 461 934 487 suos
976 455 1015 487 et
1048 454 1135 499 post
1167 461 1234 487 eos
1269 449 1433 488 stabant.
1453 459 1469 483 5

87 507 345 558 Excipiehant
377 511 507 545 autem
539 506 732 557 proelium
763 509 895 557 grauis
922 513 1136 559 armatura,
1170 514 1209 546 et
1236 514 1434 560 tamquam

27 596 42 601 γ,
86 578 241 618 murus,
274 571 317 604 ut
348 567 401 604 ita
435 565 579 616 dicam,
614 566 768 604 ferreus
809 566 935 604 stabat
967 572 1005 605 et
1038 579 1115 605 non
1150 567 1274 605 solum
1306 569 1433 606 missi—

52 622 231 665 bilibus
252 625 318 663 sed
341 626 457 663 etiam
479 624 616 675 gladiis
638 626 858 663 comminus
879 625 1126 664 dimicabant.
1177 625 1226 664 Et
1247 628 1279 664 si
1300 626 1433 665 hostes

63 685 304 735 fugassent,
331 695 408 722 non
436 682 675 734 sequebatur
702 685 834 734 grauis
862 689 1075 735 armatura,
1104 695 1151 722 ne
1179 686 1301 723 aciem
1324 697 1432 723 suam

55 743 450 792 ordinationemque
471 742 650 780 turbaret
670 748 709 780 et
739 742 784 781 ad
806 742 1005 793 dispersos
1026 748 1279 782 recurrentes
1300 744 1433 782 hostes
1454 753 1487 778 10

63 802 367 852 ¹incompositos
401 800 687 852 obprimerent‚
722 802 788 840 sed
822 801 922 840 leuis
955 808 1150 840 armatura
1183 815 1272 840 cum
1305 803 1431 841 fundi-

69 860 237 899 toribus
259 861 470 910 sagittariis
491 865 529 898 et
549 860 750 911 equitibus
771 861 966 911 fugientes
988 860 1227 911 sequebatur
1242 863 1433 900 inimicos.

84 922 89 954 Ι
121 931 165 957 ac
198 919 454 970 dispositione
484 924 600 970 atque
628 919 779 957 cautela
807 921 889 958 sine
917 919 1095 970 periculo
1122 920 1222 970 legio
1250 920 1434 959 uincebat

71 983 150 1017 ut
190 983 371 1030 superata
411 977 643 1016 seruabatur
682 978 908 1030 incolumis,
948 980 1037 1029 quia
1076 978 1242 1029 legionis
1278 980 1339 1017 ius
1373 986 1432 1018 est

68 1034 196 1076 acile
223 1049 295 1075 nec
323 1037 459 1087 fugere
486 1049 558 1075 nec
585 1039 708 1088 sequi.
767 1036 934 1087 [XVIII]
971 1037 1046 1076 Sed
1074 1050 1123 1076 ne
1143 1037 1287 1076 milites
1319 1061 1435 1091 [Nomina
1463 1064 1573 1084 mmmm

87 1096 290 1147 liquando
323 1097 363 1134 in
395 1095 567 1134 tumultu
598 1096 740 1146 proelii
772 1109 792 1134 a
825 1098 906 1135 suis
939 1096 1288 1135 contubernalibus
1317 1094 1575 1144 {2535023255335

73 1155 324 1206 berrarent,
346 1155 516 1193 diuersis
537 1154 767 1193 cohortibus
789 1155 944 1194 diuersa
969 1157 1009 1194 in
1031 1157 1154 1194 scutis
1179 1158 1287 1206 signa
1317 1153 1366 1172 ⁵⁰¹1
1387 1159 1417 1173 ‘³¹¹
1439 1159 1451 1173 ³

67 1213 312 1265 lingebant,
351 1219 395 1252 ut
433 1215 508 1265 ipsi
549 1215 769 1265 nominant,
808 1215 994 1267 digmata,
1034 1216 1135 1253 sicut
1177 1216 1293 1253 etiam
1327 1227 1431 1253 nunc

27 1280 56 1299 ι’
92 1274 203 1311 noris
243 1278 302 1311 est
340 1274 436 1311 sieri.
495 1273 702 1312 Praeterea
733 1275 773 1311 in
807 1274 972 1312 aduerso
1000 1280 1111 1312 scuto
1145 1275 1431 1325 uiuscuiusque

93 1331 217 1370 nilitis
256 1332 398 1369 litteris
437 1337 521 1370 erat
559 1344 702 1370 nomen
743 1333 1002 1384 adscriptum,
1042 1333 1172 1371 addito
1206 1340 1243 1371 et
1276 1345 1321 1371 ex
1356 1346 1431 1384 qua
1451 1343 1485 1367 20

93 1396 186 1429 sset
219 1390 379 1428 cohorte
413 1403 539 1441 quaue
573 1393 762 1429 centuria.

73 1526 75 1529 -
105 1504 149 1538 V.
175 1504 214 1537 L.
316 1508 333 1536 1
361 1503 614 1538 exculcatores
637 1504 683 1549 G2
715 1506 751 1538 et
778 1505 1032 1539 exculcatores
1054 1507 1091 1538 Π
1123 1506 1159 1539 et
1185 1505 1388 1539 scutatores
1409 1506 1432 1539 ὃ

1228 1554 1270 1583 pss

104 1588 120 1620 t
152 1584 370 1620 scultatores
396 1586 433 1620 P
467 1585 689 1620 sculcatores
716 1586 750 1620 oc*
791 1586 1009 1622 scultatores
1042 1587 1110 1621 LG
1148 1587 1366 1622 scuit-atores
1401 1588 1430 1633 Q

83 1634 126 1676 f.
154 1632 198 1675 ΙΙ,
228 1635 269 1666 15
346 1637 364 1666 3
393 1633 510 1677 [ante]
539 1633 656 1667 aciem
684 1635 722 1666 Π
796 1634 839 1679 si]
868 1645 950 1668 cum
978 1636 1017 1667 Π
1087 1638 1108 1668 4
1135 1635 1336 1677 potuerant
1355 1634 1434 1669 cc⁷H

81 1681 83 1683 ’
109 1679 272 1714 otuerint
294 1679 327 1713 G
353 1681 528 1724 poterant
547 1683 565 1714 λ
592 1680 795 1724 potuissent
814 1681 877 1715 δΡ
942 1682 1021 1726 aut]
1044 1693 1085 1716 ac
1107 1681 1166 1715 &P
1189 1681 1311 1717 Paris.
1333 1684 1429 1717 6503

178 1731 197 1761 6
225 1725 434 1771 excipiebat
459 1727 517 1761 λΡ
588 1727 723 1771 graues
745 1730 952 1763 armaturae
981 1730 1001 1762 ὃ
1076 1729 1128 1774 et]
1156 1740 1250 1772 quae
1278 1729 1338 1763 61>

128 1774 275 1809 stabant
300 1774 323 1807 ὃ
385 1773 581 1808 missilibus
603 1775 708 1818 (corr.
736 1786 779 1809 ea:
804 1775 1041 1810 missibilibus
1058 1778 1112 1818 Π)
1134 1776 1208 1810 ΠΡ
1273 1779 1292 1810 8
1321 1775 1427 1810 dimi-

89 1840 91 1842 >
127 1822 192 1856 bat
215 1821 276 1855 zP
359 1825 378 1855 9
406 1821 565 1865 fugasset
589 1821 646 1856 21>
668 1822 844 1867 fugissent
870 1835 948 1858 cum
982 1823 1158 1858 Vossz'cmo
1188 1823 1348 1858 Oudend.

96 1898 103 1904 .
154 1868 221 1914 [et]
250 1869 272 1902 δ
345 1868 591 1912 sequebantur
618 1870 657 1902 H
728 1869 807 1904 CAP.
836 1869 967 1905 XVIII.
1048 1875 1089 1904 15
1115 1870 1164 1904 In
1190 1871 1428 1914 inscriptione

90 1906 246 1993 {duersjs
261 1916 371 1960 uulyo
385 1914 549 1950 aduersis
565 1916 598 1950 G
624 1916 788 1951 aduersis
798 1919 860 1952 sed
880 1918 927 1952 ad
947 1920 996 1952 ἕνη.
1014 1919 1033 1952 ἶ.
1050 1929 1096 1952 er.
1112 1918 1144 1950 L
1172 1917 1308 1952 auersis
1330 1916 1426 1962 a'nQ

166 1966 209 1997 18
235 1963 486 2008 pingebantur
519 1963 591 2008 [ut]
626 1965 664 1996 H
785 1967 826 1998 18
860 1964 1027 2010 digmata
1060 1965 1161 2009 μΠΡ
1195 1965 1349 2008 dignata,
1379 1965 1424 1998 A·-

92 2005 249 2044 *lkmata
280 2010 311 2043 V
340 2010 521 2044 idiomata
547 2011 585 2044 D
697 2015 738 2045 19
766 2012 890 2047 auerso
918 2012 1005 2046 αδΡ
1106 2013 1186 2046 erat
1211 2012 1261 2056 n]
1290 2022 1425 2046 nomen

101 2050 160 2150 {ab
185 2070 211 2090 π
309 2061 353 2092 20
380 2057 509 2092 addito
537 2060 573 2092 et
598 2058 685 2092 A'P
707 2058 800 2093 Giss.
829 2059 954 2093 addito
982 2070 1024 2093 eo
1052 2060 1089 2092 D
1117 2058 1242 2093 addito
1271 2058 1369 2102 ΠῙΤμ

105 2162 138 2197 S.
167 2163 205 2196 L.
264 2167 283 2197 3
310 2163 594 2209 praecedentes]
623 2163 881 2208 praecidentes
902 2165 935 2198 α’
1012 2165 1136 2209 fogare
1164 2164 1197 2197 α’
1274 2167 1293 2198 6
1320 2175 1424 2208 prae-

79 2209 172 2244 lium
192 2211 229 2243 Π
294 2214 334 2244 11
364 2210 614 2255 obprimerent
641 2211 692 2247 θλ
720 2212 981 2256 obpremerent
1005 2213 1052 2257 Al
1084 2211 1335 2256 opprimerent
1354 2211 1425 2245 Mn

176 2260 218 2290 13
244 2257 331 2302 hac]
358 2269 400 2292 ac
426 2270 453 2291 π
561 2263 604 2292 14
629 2258 825 2292 incolomis
847 2271 861 2293 ε
889 2260 993 2301 (ΒΡ)
1090 2259 1170 2294 CAP.
1198 2257 1328 2293 XVIII.

80 2308 124 2339 16
150 2304 268 2348 proeli
296 2305 344 2338 M
366 2304 498 2349 praelii
530 2307 607 2339 ΑΠ
704 2310 745 2340 17
774 2306 1003 2352 aberrarent]
1043 2307 1257 2341 oberrarent
1296 2308 1333 2339 Π

78 2354 123 2385 20
149 2350 346 2396 ascriptum
373 2354 410 2385 Π

1168 2412 1213 2445 4*
