1638 2620
647 401 911 449 LIBER
961 403 1071 451 IIII.

329 568 358 608 Ι.
393 567 586 607 Ciuitates
618 571 687 607 aut
717 571 861 608 natura
892 572 963 608 aut
995 582 1112 618 opere
1146 569 1290 608 debere
1322 571 1479 608 muniri.

302 628 352 666 II.
386 628 477 666 Non
510 628 681 666 directos
714 629 783 667 sed
815 629 1031 678 angulosos
1063 641 1199 667 muros
1231 629 1444 668 faciendos.

282 687 355 725 III.
389 686 730 732 Quemadmodum
767 688 891 726 muris
924 700 945 726 e
977 690 1086 726 terra
1116 688 1306 737 iungatur
1337 689 1542 739 adgestus.

260 745 353 784 IIII.
387 746 446 784 De
479 746 691 784 cataractis
725 749 765 784 et
795 747 934 796 portis,
961 760 1010 784 ne
1036 749 1252 785 noceantur
1284 747 1334 785 ab
1367 748 1538 798 ignibus.

312 806 359 844 V.
392 805 452 843 De
484 805 602 843 fossis
635 805 837 844 faciendis.

293 864 360 903 VI.
394 865 456 903 Ne
488 864 648 914 sagittis
680 865 856 903 hostium
888 864 1066 903 homines
1098 865 1308 903 laedantur
1339 866 1379 903 in
1410 878 1535 904 muro.

270 923 358 961 VII.
394 923 545 969 Quibus
559 923 686 962 modis
701 924 991 973 prouidendum
1013 924 1076 972 sit,
1097 936 1146 962 ne
1166 924 1312 962 famem
1332 925 1540 973 patiantur

471 983 634 1021 obsessi.

252 1041 362 1080 VIII.
396 1042 504 1088 Quae
520 1042 668 1091 species
689 1042 987 1091 praeparandae
1009 1042 1089 1080 sint
1108 1055 1179 1090 pro
1206 1042 1432 1081 defensione
1453 1056 1537 1081 mu-

133 1111 165 1135 10
470 1113 617 1140 rorum.
1538 1132 1540 1134 -

226 1159 358 1198 VIIII.
393 1160 494 1206 Quid
525 1161 746 1199 faciendum
781 1160 849 1208 sit,
889 1159 923 1198 si
960 1172 1175 1198 neruorum
1208 1159 1381 1199 defuerit
1412 1160 1534 1210 copia.

314 1220 360 1257 X.
395 1219 498 1264 Quid
512 1220 747 1269 faciendum,
761 1231 810 1256 ne
824 1231 949 1268 aquae
963 1219 1138 1268 inopiam
1152 1219 1357 1268 patiantur
1373 1220 1537 1259 obsessi.

290 1279 357 1317 XI.
392 1278 433 1316 Si
466 1279 569 1316 sales
602 1279 812 1317 defuerint.

266 1337 355 1375 XII.
390 1337 492 1383 Quid
530 1337 770 1385 faciendum⁷
809 1349 897 1375 cum
935 1337 1062 1386 primo
1100 1337 1252 1387 impetu
1291 1338 1453 1377 uenitur
1485 1337 1535 1376 ad

132 1409 163 1432 15»
469 1409 611 1435 mUl'OS.

247 1456 357 1493 XIII.
390 1456 648 1494 Enumeratio
662 1456 946 1503 machinarum,
962 1457 1104 1505 quibus
1119 1457 1223 1494 muri
1239 1456 1534 1506 obpugnantur.

223 1515 353 1554 XIIII.
387 1515 447 1553 De
480 1515 604 1552 ariete
637 1515 738 1553 falce
770 1515 979 1553 testudine.

265 1573 349 1612 XV.
383 1574 442 1612 De
474 1574 613 1623 uineis,
646 1574 693 1612 de
724 1574 885 1624 pluteis,
918 1574 966 1612 de
999 1587 1157 1624 aggere.

247 1633 352 1671 XVI.
386 1633 444 1671 De
476 1633 678 1671 musculis.

127 1705 161 1729 20
226 1692 353 1729 XVII.
387 1692 447 1730 De
479 1692 656 1730 turribus
691 1692 978 1731 ambulatoriis.

203 1751 352 1790 XVIII.
385 1750 725 1795 Quemadmodum
757 1744 1022 1790 ambulatoria
1056 1751 1177 1790 turris
1205 1752 1331 1800 possit
1365 1752 1530 1792 incendi.

179 1810 348 1848 XVIIII.
383 1810 724 1856 Quemadmodum
755 1811 926 1849 altitudo
958 1811 1082 1849 muris
1116 1811 1296 1849 addatur.

267 1869 350 1907 XX.
386 1869 470 1914 Quo
509 1871 624 1918 pacto
658 1869 894 1908 suffodiatur
928 1872 1054 1921 terra,
1086 1872 1132 1908 ut
1168 1870 1351 1908 machina
1390 1882 1531 1910 nocere

462 1929 562 1966 nihil
592 1929 729 1977 possit.

275 2035 291 2064 1
321 2029 481 2065 Ciuitate
513 2030 541 2075 Q
651 2034 671 2064 3
700 2029 1034 2071 Quemammodum
1060 2031 1099 2063 H
1199 2029 1374 2074 aggestus
1397 2031 1437 2063 Π

177 2084 206 2113 cz
232 2080 332 2112 terra
356 2077 559 2121 iungantur
585 2077 708 2121 egesta.
734 2077 770 2111 P
792 2078 821 2112 Sc
847 2078 967 2111 terrae
993 2076 1196 2121 iungantur
1219 2081 1302 2119 (om.
1323 2080 1406 2120 cet.)
1425 2077 1464 2111 D

176 2129 198 2159 4
225 2125 439 2160 catafractis
461 2125 521 2159 εΠ
544 2124 760 2169 caractifP1
817 2124 863 2159 ab
890 2124 969 2169 igni
989 2125 1026 2159 P
1073 2129 1092 2159 6
1118 2123 1174 2158 Ne
1201 2123 1348 2169 sagittis
1365 2123 1528 2159 hostium

177 2173 330 2207 cedatur
355 2173 378 2207 i.
406 2185 454 2208 m.
483 2174 522 2206 H
582 2176 600 2206 7
628 2172 824 2216 paciantur
849 2172 883 2206 α’
948 2175 967 2205 9
994 2170 1255 2216 praeparanda
1280 2171 1315 2205 A
1386 2171 1470 2206 sunt
1494 2171 1532 2206 P

247 2231 351 2255 muro
378 2220 427 2254 M
503 2223 544 2253 11
574 2219 752 2254 defecerit
778 2221 817 2253 H
900 2223 940 2253 12
967 2218 1163 2263 paciantur
1189 2218 1222 2252 α’
1297 2218 1383 2253 inde
1409 2230 1432 2253 a
1460 2218 1531 2252 XI

175 2268 276 2302 tituli
300 2268 410 2302 huius
437 2267 525 2302 libr-z·
550 2267 679 2301 desunt
704 2267 745 2301 m
772 2266 863 2312 ΜΩ]
939 2270 980 2300 13
1008 2265 1046 2300 Si
1073 2265 1167 2300 sales
1189 2265 1376 2301 defuerint
1403 2266 1464 2300 ὂΡ
1487 2264 1526 2300 Si

175 2313 262 2348 salis
284 2314 443 2349 defuerit
462 2314 508 2348 A'
538 2314 576 2348 Si
602 2314 654 2349 sal
680 2313 840 2348 defuerit
859 2313 892 2347 L
920 2313 958 2347 Si
983 2312 1078 2347 sales
1099 2313 1297 2348 defuerunt
1317 2315 1356 2347 H
1416 2316 1459 2346 14
1479 2313 1526 2347 ad

174 2373 320 2397 murum
346 2363 383 2395 π’
450 2366 491 2396 16
518 2361 774 2397 machinorum
800 2361 836 2395 A
891 2361 1129 2405 obpugnatur
1155 2361 1189 2395 A
1250 2364 1290 2394 19
1318 2359 1470 2395 musclis
1491 2361 1530 2394 H
