<?xml version="1.0" encoding="UTF-8"?>
<!DOCTYPE html PUBLIC "-//W3C//DTD XHTML 1.0 Transitional//EN"
    "http://www.w3.org/TR/xhtml1/DTD/xhtml1-transitional.dtd">
<html xmlns="http://www.w3.org/1999/xhtml" xml:lang="en" lang="en">
 <head>
  <title>
</title>
<meta http-equiv="Content-Type" content="text/html;charset=utf-8" />
  <meta name='ocr-system' content='tesseract 3.04.00' />
  <meta name='ocr-capabilities' content='ocr_page ocr_carea ocr_par ocr_line ocrx_word'/>
</head>
<body>
  <div class='ocr_page' id='page_1' title='image "./flavivegetirenat00vegeuoft/flavivegetirenat00vegeuoft_0124.png"; bbox 0 0 1638 2620; ppageno 0'>
   <div class='ocr_carea' id='block_1_1' title="bbox 169 125 951 169">
    <p class='ocr_par' dir='ltr' id='par_1_1' title="bbox 169 125 951 169">
     <span class='ocr_line' id='line_1_1' title="bbox 169 125 951 169; baseline -0.013 -1"><span class='ocrx_word' id='word_1_1' title='bbox 169 127 224 168; x_wconf 84' lang='lat'>68</span> <span class='ocrx_word' id='word_1_2' title='bbox 725 125 802 160; x_wconf 76' lang='lat' dir='ltr'>Lib.</span> <span class='ocrx_word' id='word_1_3' title='bbox 832 125 901 169; x_wconf 61' lang='lat'>111„</span> <span class='ocrx_word' id='word_1_4' title='bbox 921 129 951 159; x_wconf 81' lang='lat'>2.</span> 
     </span>
    </p>
   </div>
   <div class='ocr_carea' id='block_1_2' title="bbox 121 223 1527 1630">
    <p class='ocr_par' dir='ltr' id='par_1_2' title="bbox 121 223 1527 1630">
     <span class='ocr_line' id='line_1_2' title="bbox 170 223 1516 276; baseline -0.001 -12"><span class='ocrx_word' id='word_1_5' title='bbox 170 230 259 264; x_wconf 85' lang='lat' dir='ltr'>ante</span> <span class='ocrx_word' id='word_1_6' title='bbox 280 224 407 263; x_wconf 87' lang='lat' dir='ltr'>lucem</span> <span class='ocrx_word' id='word_1_7' title='bbox 429 230 567 275; x_wconf 86' lang='lat' dir='ltr'>coepto</span> <span class='ocrx_word' id='word_1_8' title='bbox 588 225 747 275; x_wconf 82' lang='lat' dir='ltr'>itinere,</span> <span class='ocrx_word' id='word_1_9' title='bbox 774 223 818 261; x_wconf 87' lang='lat' dir='ltr'>ad</span> <span class='ocrx_word' id='word_1_10' title='bbox 841 223 1034 262; x_wconf 84' lang='lat' dir='ltr'>destinata</span> <span class='ocrx_word' id='word_1_11' title='bbox 1053 225 1305 276; x_wconf 77' lang='lat' dir='ltr'>perueniant3</span> <span class='ocrx_word' id='word_1_12' title='bbox 1331 236 1380 262; x_wconf 88' lang='lat' dir='ltr'>ne</span> <span class='ocrx_word' id='word_1_13' title='bbox 1400 236 1516 263; x_wconf 88' lang='lat' dir='ltr'>saeua</span> 
     </span>
     <span class='ocr_line' id='line_1_3' title="bbox 170 282 1516 334; baseline -0.001 -12"><span class='ocrx_word' id='word_1_14' title='bbox 170 284 298 322; x_wconf 87' lang='lat' dir='ltr'>hieme</span> <span class='ocrx_word' id='word_1_15' title='bbox 325 285 400 322; x_wconf 89' lang='lat' dir='ltr'>iter</span> <span class='ocrx_word' id='word_1_16' title='bbox 426 295 497 334; x_wconf 88' lang='lat' dir='ltr'>per</span> <span class='ocrx_word' id='word_1_17' title='bbox 524 284 637 321; x_wconf 88' lang='lat' dir='ltr'>niues</span> <span class='ocrx_word' id='word_1_18' title='bbox 664 295 707 320; x_wconf 86' lang='lat' dir='ltr'>ac</span> <span class='ocrx_word' id='word_1_19' title='bbox 733 283 896 332; x_wconf 80' lang='lat' dir='ltr'>pruinas</span> <span class='ocrx_word' id='word_1_20' title='bbox 924 282 1106 321; x_wconf 89' lang='lat' dir='ltr'>noctibus</span> <span class='ocrx_word' id='word_1_21' title='bbox 1134 283 1276 322; x_wconf 82' lang='lat' dir='ltr'>saciant</span> <span class='ocrx_word' id='word_1_22' title='bbox 1301 290 1368 321; x_wconf 88' lang='lat' dir='ltr'>aut</span> <span class='ocrx_word' id='word_1_23' title='bbox 1394 282 1516 333; x_wconf 83' lang='lat' dir='ltr'>ligno-</span> 
     </span>
     <span class='ocr_line' id='line_1_4' title="bbox 171 341 1518 394; baseline -0.001 -12"><span class='ocrx_word' id='word_1_24' title='bbox 171 355 258 382; x_wconf 89' lang='lat' dir='ltr'>rum</span> <span class='ocrx_word' id='word_1_25' title='bbox 297 343 497 394; x_wconf 83' lang='lat' dir='ltr'>patiantur</span> <span class='ocrx_word' id='word_1_26' title='bbox 537 342 707 391; x_wconf 88' lang='lat' dir='ltr'>inopiam</span> <span class='ocrx_word' id='word_1_27' title='bbox 747 346 813 380; x_wconf 90' lang='lat' dir='ltr'>aut</span> <span class='ocrx_word' id='word_1_28' title='bbox 851 342 979 379; x_wconf 89' lang='lat' dir='ltr'>minor</span> <span class='ocrx_word' id='word_1_29' title='bbox 1016 341 1091 380; x_wconf 90' lang='lat' dir='ltr'>illis</span> <span class='ocrx_word' id='word_1_30' title='bbox 1130 343 1303 380; x_wconf 87' lang='lat' dir='ltr'>uestium</span> <span class='ocrx_word' id='word_1_31' title='bbox 1336 348 1518 392; x_wconf 78' lang='lat' dir='ltr'>suppetat</span> 
     </span>
     <span class='ocr_line' id='line_1_5' title="bbox 173 400 1517 453; baseline -0.001 -12"><span class='ocrx_word' id='word_1_32' title='bbox 173 404 301 453; x_wconf 78' lang='lat' dir='ltr'>copia3</span> <span class='ocrx_word' id='word_1_33' title='bbox 334 413 406 439; x_wconf 88' lang='lat' dir='ltr'>nec</span> <span class='ocrx_word' id='word_1_34' title='bbox 435 401 590 438; x_wconf 84' lang='lat' dir='ltr'>sanitati</span> <span class='ocrx_word' id='word_1_35' title='bbox 617 401 720 438; x_wconf 88' lang='lat' dir='ltr'>enim</span> <span class='ocrx_word' id='word_1_36' title='bbox 747 411 819 438; x_wconf 87' lang='lat' dir='ltr'>nec</span> <span class='ocrx_word' id='word_1_37' title='bbox 849 400 1089 451; x_wconf 86' lang='lat' dir='ltr'>expeditioni</span> <span class='ocrx_word' id='word_1_38' title='bbox 1114 400 1280 439; x_wconf 90' lang='lat' dir='ltr'>idoneus</span> <span class='ocrx_word' id='word_1_39' title='bbox 1306 400 1417 439; x_wconf 91' lang='lat' dir='ltr'>miles</span> <span class='ocrx_word' id='word_1_40' title='bbox 1445 407 1517 452; x_wconf 81' lang='lat' dir='ltr'>est,</span> 
     </span>
     <span class='ocr_line' id='line_1_6' title="bbox 136 457 1517 513; baseline 0.001 -16"><span class='ocrx_word' id='word_1_41' title='bbox 136 472 152 497; x_wconf 79' lang='lat'>5</span> <span class='ocrx_word' id='word_1_42' title='bbox 175 463 240 513; x_wconf 88' lang='lat' dir='ltr'>qui</span> <span class='ocrx_word' id='word_1_43' title='bbox 261 460 389 511; x_wconf 81' lang='lat' dir='ltr'>algere</span> <span class='ocrx_word' id='word_1_44' title='bbox 411 457 657 509; x_wconf 75' lang='lat' dir='ltr'>conpellitur.</span> <span class='ocrx_word' id='word_1_45' title='bbox 699 457 779 497; x_wconf 88' lang='lat' dir='ltr'>Nec</span> <span class='ocrx_word' id='word_1_46' title='bbox 806 460 1038 510; x_wconf 80' lang='lat' dir='ltr'>perniciosis</span> <span class='ocrx_word' id='word_1_47' title='bbox 1061 459 1123 498; x_wconf 92' lang='lat' dir='ltr'>uel</span> <span class='ocrx_word' id='word_1_48' title='bbox 1143 459 1385 510; x_wconf 80' lang='lat' dir='ltr'>palustribus</span> <span class='ocrx_word' id='word_1_49' title='bbox 1406 460 1517 510; x_wconf 89' lang='lat' dir='ltr'>aquis</span> 
     </span>
     <span class='ocr_line' id='line_1_7' title="bbox 172 517 1517 570; baseline -0.001 -12"><span class='ocrx_word' id='word_1_50' title='bbox 172 525 308 558; x_wconf 89' lang='lat' dir='ltr'>utatur</span> <span class='ocrx_word' id='word_1_51' title='bbox 341 519 556 569; x_wconf 77' lang='lat' dir='ltr'>exercitus3</span> <span class='ocrx_word' id='word_1_52' title='bbox 590 529 678 556; x_wconf 85' lang='lat' dir='ltr'>nam</span> <span class='ocrx_word' id='word_1_53' title='bbox 710 517 831 556; x_wconf 83' lang='lat' dir='ltr'>malae</span> <span class='ocrx_word' id='word_1_54' title='bbox 865 530 987 569; x_wconf 88' lang='lat' dir='ltr'>aquae</span> <span class='ocrx_word' id='word_1_55' title='bbox 1020 524 1154 570; x_wconf 81' lang='lat' dir='ltr'>potus⁷</span> <span class='ocrx_word' id='word_1_56' title='bbox 1187 531 1340 557; x_wconf 87' lang='lat' dir='ltr'>ueneno</span> <span class='ocrx_word' id='word_1_57' title='bbox 1368 517 1517 569; x_wconf 88' lang='lat' dir='ltr'>similis,</span> 
     </span>
     <span class='ocr_line' id='line_1_8' title="bbox 173 576 1519 630; baseline -0.001 -14"><span class='ocrx_word' id='word_1_58' title='bbox 173 578 437 630; x_wconf 77' lang='lat' dir='ltr'>pestilentiam</span> <span class='ocrx_word' id='word_1_59' title='bbox 457 576 684 614; x_wconf 87' lang='lat' dir='ltr'>bibentibus</span> <span class='ocrx_word' id='word_1_60' title='bbox 705 582 877 628; x_wconf 85' lang='lat' dir='ltr'>generat.</span> <span class='ocrx_word' id='word_1_61' title='bbox 918 577 997 615; x_wconf 88' lang='lat' dir='ltr'>Iam</span> <span class='ocrx_word' id='word_1_62' title='bbox 1018 589 1114 616; x_wconf 90' lang='lat' dir='ltr'>uero</span> <span class='ocrx_word' id='word_1_63' title='bbox 1136 582 1179 616; x_wconf 89' lang='lat' dir='ltr'>ut</span> <span class='ocrx_word' id='word_1_64' title='bbox 1204 579 1278 616; x_wconf 80' lang='lat' dir='ltr'>hoc</span> <span class='ocrx_word' id='word_1_65' title='bbox 1299 589 1391 616; x_wconf 87' lang='lat' dir='ltr'>casu</span> <span class='ocrx_word' id='word_1_66' title='bbox 1413 579 1519 628; x_wconf 81' lang='lat' dir='ltr'>aegri</span> 
     </span>
     <span class='ocr_line' id='line_1_9' title="bbox 173 635 1518 686; baseline -0.001 -10"><span class='ocrx_word' id='word_1_67' title='bbox 173 635 477 676; x_wconf 75' lang='lat' dir='ltr'>contubernales</span> <span class='ocrx_word' id='word_1_68' title='bbox 504 637 710 686; x_wconf 89' lang='lat' dir='ltr'>oportunis</span> <span class='ocrx_word' id='word_1_69' title='bbox 737 635 835 674; x_wconf 86' lang='lat' dir='ltr'>cibis</span> <span class='ocrx_word' id='word_1_70' title='bbox 855 636 1082 674; x_wconf 84' lang='lat' dir='ltr'>reficiantur</span> <span class='ocrx_word' id='word_1_71' title='bbox 1103 648 1146 674; x_wconf 90' lang='lat' dir='ltr'>ac</span> <span class='ocrx_word' id='word_1_72' title='bbox 1167 636 1410 674; x_wconf 86' lang='lat' dir='ltr'>medicorum</span> <span class='ocrx_word' id='word_1_73' title='bbox 1436 642 1518 674; x_wconf 89' lang='lat' dir='ltr'>arte</span> 
     </span>
     <span class='ocr_line' id='line_1_10' title="bbox 174 694 1521 747; baseline -0.002 -12"><span class='ocrx_word' id='word_1_74' title='bbox 174 701 378 747; x_wconf 82' lang='lat' dir='ltr'>curentur,</span> <span class='ocrx_word' id='word_1_75' title='bbox 398 695 683 746; x_wconf 86' lang='lat' dir='ltr'>principiorum</span> <span class='ocrx_word' id='word_1_76' title='bbox 706 694 1034 746; x_wconf 86' lang='lat' dir='ltr'>tribunorumque</span> <span class='ocrx_word' id='word_1_77' title='bbox 1057 702 1095 733; x_wconf 92' lang='lat' dir='ltr'>et</span> <span class='ocrx_word' id='word_1_78' title='bbox 1121 696 1244 746; x_wconf 88' lang='lat' dir='ltr'>ipsius</span> <span class='ocrx_word' id='word_1_79' title='bbox 1266 696 1431 746; x_wconf 79' lang='lat' dir='ltr'>comitis,</span> <span class='ocrx_word' id='word_1_80' title='bbox 1453 695 1521 745; x_wconf 91' lang='lat' dir='ltr'>qui</span> 
     </span>
     <span class='ocr_line' id='line_1_11' title="bbox 121 753 1520 806; baseline 0.001 -16"><span class='ocrx_word' id='word_1_81' title='bbox 121 767 154 790; x_wconf 87' lang='lat'>10</span> <span class='ocrx_word' id='word_1_82' title='bbox 175 756 362 794; x_wconf 87' lang='lat' dir='ltr'>maiorem</span> <span class='ocrx_word' id='word_1_83' title='bbox 384 755 554 792; x_wconf 89' lang='lat' dir='ltr'>sustinet</span> <span class='ocrx_word' id='word_1_84' title='bbox 573 758 820 805; x_wconf 84' lang='lat' dir='ltr'>potestatem,</span> <span class='ocrx_word' id='word_1_85' title='bbox 834 755 936 805; x_wconf 90' lang='lat' dir='ltr'>iugis</span> <span class='ocrx_word' id='word_1_86' title='bbox 957 755 1162 805; x_wconf 87' lang='lat' dir='ltr'>quaeritur</span> <span class='ocrx_word' id='word_1_87' title='bbox 1183 753 1401 806; x_wconf 80' lang='lat' dir='ltr'>diligentia3</span> <span class='ocrx_word' id='word_1_88' title='bbox 1421 753 1520 792; x_wconf 86' lang='lat' dir='ltr'>male</span> 
     </span>
     <span class='ocr_line' id='line_1_12' title="bbox 176 812 1521 864; baseline -0.002 -11"><span class='ocrx_word' id='word_1_89' title='bbox 176 816 279 853; x_wconf 91' lang='lat' dir='ltr'>enim</span> <span class='ocrx_word' id='word_1_90' title='bbox 312 826 402 852; x_wconf 86' lang='lat' dir='ltr'>cum</span> <span class='ocrx_word' id='word_1_91' title='bbox 433 813 495 851; x_wconf 91' lang='lat' dir='ltr'>his</span> <span class='ocrx_word' id='word_1_92' title='bbox 527 814 672 864; x_wconf 81' lang='lat' dir='ltr'>agitur,</span> <span class='ocrx_word' id='word_1_93' title='bbox 715 812 857 864; x_wconf 89' lang='lat' dir='ltr'>quibus</span> <span class='ocrx_word' id='word_1_94' title='bbox 890 814 1104 851; x_wconf 83' lang='lat' dir='ltr'>necessitas</span> <span class='ocrx_word' id='word_1_95' title='bbox 1137 819 1176 852; x_wconf 90' lang='lat' dir='ltr'>et</span> <span class='ocrx_word' id='word_1_96' title='bbox 1207 812 1298 851; x_wconf 90' lang='lat' dir='ltr'>belli</span> <span class='ocrx_word' id='word_1_97' title='bbox 1328 812 1521 851; x_wconf 85' lang='lat' dir='ltr'>incumbit</span> 
     </span>
     <span class='ocr_line' id='line_1_13' title="bbox 176 871 1521 923; baseline -0.001 -11"><span class='ocrx_word' id='word_1_98' title='bbox 176 881 215 912; x_wconf 86' lang='lat' dir='ltr'>et</span> <span class='ocrx_word' id='word_1_99' title='bbox 247 871 385 911; x_wconf 85' lang='lat' dir='ltr'>morbi.</span> <span class='ocrx_word' id='word_1_100' title='bbox 443 871 519 910; x_wconf 89' lang='lat' dir='ltr'>Sed</span> <span class='ocrx_word' id='word_1_101' title='bbox 552 872 612 910; x_wconf 88' lang='lat' dir='ltr'>rei</span> <span class='ocrx_word' id='word_1_102' title='bbox 637 871 817 910; x_wconf 85' lang='lat' dir='ltr'>militaris</span> <span class='ocrx_word' id='word_1_103' title='bbox 846 873 963 923; x_wconf 87' lang='lat' dir='ltr'>periti</span> <span class='ocrx_word' id='word_1_104' title='bbox 990 872 1076 922; x_wconf 92' lang='lat' dir='ltr'>plus</span> <span class='ocrx_word' id='word_1_105' title='bbox 1104 871 1295 910; x_wconf 88' lang='lat' dir='ltr'>cotidiana</span> <span class='ocrx_word' id='word_1_106' title='bbox 1323 883 1521 910; x_wconf 84' lang='lat' dir='ltr'>armorum</span> 
     </span>
     <span class='ocr_line' id='line_1_14' title="bbox 176 931 1520 982; baseline -0.001 -12"><span class='ocrx_word' id='word_1_107' title='bbox 176 932 363 970; x_wconf 80' lang='lat' dir='ltr'>exercitia</span> <span class='ocrx_word' id='word_1_108' title='bbox 394 931 440 969; x_wconf 89' lang='lat' dir='ltr'>ad</span> <span class='ocrx_word' id='word_1_109' title='bbox 475 931 679 969; x_wconf 85' lang='lat' dir='ltr'>sanitatem</span> <span class='ocrx_word' id='word_1_110' title='bbox 713 931 879 969; x_wconf 89' lang='lat' dir='ltr'>militum</span> <span class='ocrx_word' id='word_1_111' title='bbox 912 936 1155 981; x_wconf 88' lang='lat' dir='ltr'>putauerunt</span> <span class='ocrx_word' id='word_1_112' title='bbox 1186 931 1374 982; x_wconf 87' lang='lat' dir='ltr'>prodesse</span> <span class='ocrx_word' id='word_1_113' title='bbox 1405 943 1520 981; x_wconf 85' lang='lat' dir='ltr'>quam</span> 
     </span>
     <span class='ocr_line' id='line_1_15' title="bbox 176 989 1520 1040; baseline -0.001 -11"><span class='ocrx_word' id='word_1_114' title='bbox 176 991 362 1030; x_wconf 87' lang='lat' dir='ltr'>medicos.</span> <span class='ocrx_word' id='word_1_115' title='bbox 418 990 553 1040; x_wconf 90' lang='lat' dir='ltr'>Itaque</span> <span class='ocrx_word' id='word_1_116' title='bbox 592 990 743 1040; x_wconf 89' lang='lat' dir='ltr'>pedites</span> <span class='ocrx_word' id='word_1_117' title='bbox 783 991 866 1028; x_wconf 89' lang='lat' dir='ltr'>sine</span> <span class='ocrx_word' id='word_1_118' title='bbox 905 991 1195 1028; x_wconf 87' lang='lat' dir='ltr'>intermissione</span> <span class='ocrx_word' id='word_1_119' title='bbox 1232 989 1423 1028; x_wconf 89' lang='lat' dir='ltr'>imbribus</span> <span class='ocrx_word' id='word_1_120' title='bbox 1456 989 1520 1028; x_wconf 92' lang='lat' dir='ltr'>uel</span> 
     </span>
     <span class='ocr_line' id='line_1_16' title="bbox 123 1047 1520 1101; baseline 0 -15"><span class='ocrx_word' id='word_1_121' title='bbox 123 1062 156 1086; x_wconf 83' lang='lat'>15</span> <span class='ocrx_word' id='word_1_122' title='bbox 178 1050 336 1089; x_wconf 90' lang='lat' dir='ltr'>niuibus</span> <span class='ocrx_word' id='word_1_123' title='bbox 369 1048 442 1088; x_wconf 92' lang='lat' dir='ltr'>sub</span> <span class='ocrx_word' id='word_1_124' title='bbox 471 1054 586 1101; x_wconf 74' lang='lat' dir='ltr'>tecm,</span> <span class='ocrx_word' id='word_1_125' title='bbox 614 1049 776 1099; x_wconf 88' lang='lat' dir='ltr'>reliquis</span> <span class='ocrx_word' id='word_1_126' title='bbox 803 1048 942 1087; x_wconf 89' lang='lat' dir='ltr'>diebus</span> <span class='ocrx_word' id='word_1_127' title='bbox 971 1050 1146 1087; x_wconf 80' lang='lat' dir='ltr'>exerceri</span> <span class='ocrx_word' id='word_1_128' title='bbox 1178 1050 1218 1087; x_wconf 91' lang='lat' dir='ltr'>in</span> <span class='ocrx_word' id='word_1_129' title='bbox 1248 1060 1383 1098; x_wconf 89' lang='lat' dir='ltr'>campo</span> <span class='ocrx_word' id='word_1_130' title='bbox 1412 1047 1520 1086; x_wconf 90' lang='lat' dir='ltr'>uolu-</span> 
     </span>
     <span class='ocr_line' id='line_1_17' title="bbox 177 1107 1523 1158; baseline -0.003 -10"><span class='ocrx_word' id='word_1_131' title='bbox 177 1116 304 1148; x_wconf 87' lang='lat' dir='ltr'>erunt.</span> <span class='ocrx_word' id='word_1_132' title='bbox 369 1107 557 1146; x_wconf 89' lang='lat' dir='ltr'>Similiter</span> <span class='ocrx_word' id='word_1_133' title='bbox 597 1110 749 1158; x_wconf 88' lang='lat' dir='ltr'>equites</span> <span class='ocrx_word' id='word_1_134' title='bbox 788 1120 866 1146; x_wconf 90' lang='lat' dir='ltr'>non</span> <span class='ocrx_word' id='word_1_135' title='bbox 899 1107 1024 1145; x_wconf 89' lang='lat' dir='ltr'>solum</span> <span class='ocrx_word' id='word_1_136' title='bbox 1064 1109 1104 1145; x_wconf 91' lang='lat' dir='ltr'>in</span> <span class='ocrx_word' id='word_1_137' title='bbox 1136 1107 1261 1158; x_wconf 89' lang='lat' dir='ltr'>planis</span> <span class='ocrx_word' id='word_1_138' title='bbox 1300 1107 1368 1145; x_wconf 88' lang='lat' dir='ltr'>sed</span> <span class='ocrx_word' id='word_1_139' title='bbox 1407 1108 1523 1145; x_wconf 88' lang='lat' dir='ltr'>etiam</span> 
     </span>
     <span class='ocr_line' id='line_1_18' title="bbox 176 1165 1523 1218; baseline -0.001 -12"><span class='ocrx_word' id='word_1_140' title='bbox 176 1171 216 1207; x_wconf 92' lang='lat' dir='ltr'>in</span> <span class='ocrx_word' id='word_1_141' title='bbox 249 1168 427 1218; x_wconf 87' lang='lat' dir='ltr'>abruptis</span> <span class='ocrx_word' id='word_1_142' title='bbox 460 1171 498 1205; x_wconf 89' lang='lat' dir='ltr'>et</span> <span class='ocrx_word' id='word_1_143' title='bbox 532 1167 724 1205; x_wconf 84' lang='lat' dir='ltr'>fossarum</span> <span class='ocrx_word' id='word_1_144' title='bbox 757 1166 866 1205; x_wconf 86' lang='lat' dir='ltr'>hiatu</span> <span class='ocrx_word' id='word_1_145' title='bbox 893 1165 1132 1204; x_wconf 83' lang='lat' dir='ltr'>difficillimis</span> <span class='ocrx_word' id='word_1_146' title='bbox 1158 1167 1309 1204; x_wconf 86' lang='lat' dir='ltr'>semitis</span> <span class='ocrx_word' id='word_1_147' title='bbox 1336 1178 1457 1216; x_wconf 85' lang='lat' dir='ltr'>seque</span> <span class='ocrx_word' id='word_1_148' title='bbox 1485 1172 1523 1203; x_wconf 91' lang='lat' dir='ltr'>et</span> 
     </span>
     <span class='ocr_line' id='line_1_19' title="bbox 177 1225 1523 1278; baseline -0.002 -13"><span class='ocrx_word' id='word_1_149' title='bbox 177 1239 301 1278; x_wconf 90' lang='lat' dir='ltr'>equos</span> <span class='ocrx_word' id='word_1_150' title='bbox 322 1238 414 1265; x_wconf 91' lang='lat' dir='ltr'>suos</span> <span class='ocrx_word' id='word_1_151' title='bbox 435 1225 596 1264; x_wconf 90' lang='lat' dir='ltr'>adsidue</span> <span class='ocrx_word' id='word_1_152' title='bbox 618 1238 803 1264; x_wconf 81' lang='lat' dir='ltr'>exercere</span> <span class='ocrx_word' id='word_1_153' title='bbox 831 1227 1044 1277; x_wconf 83' lang='lat' dir='ltr'>iusserunt,</span> <span class='ocrx_word' id='word_1_154' title='bbox 1068 1230 1112 1263; x_wconf 91' lang='lat' dir='ltr'>ut</span> <span class='ocrx_word' id='word_1_155' title='bbox 1132 1225 1227 1263; x_wconf 90' lang='lat' dir='ltr'>nihil</span> <span class='ocrx_word' id='word_1_156' title='bbox 1247 1225 1308 1263; x_wconf 92' lang='lat' dir='ltr'>his</span> <span class='ocrx_word' id='word_1_157' title='bbox 1328 1226 1369 1263; x_wconf 89' lang='lat' dir='ltr'>in</span> <span class='ocrx_word' id='word_1_158' title='bbox 1389 1236 1523 1263; x_wconf 87' lang='lat' dir='ltr'>neces-</span> 
     </span>
     <span class='ocr_line' id='line_1_20' title="bbox 180 1282 1524 1336; baseline -0.002 -12"><span class='ocrx_word' id='word_1_159' title='bbox 180 1288 293 1325; x_wconf 89' lang='lat' dir='ltr'>sitate</span> <span class='ocrx_word' id='word_1_160' title='bbox 331 1284 472 1336; x_wconf 91' lang='lat' dir='ltr'>proelii</span> <span class='ocrx_word' id='word_1_161' title='bbox 513 1284 691 1323; x_wconf 85' lang='lat' dir='ltr'>accidere</span> <span class='ocrx_word' id='word_1_162' title='bbox 730 1291 863 1335; x_wconf 90' lang='lat' dir='ltr'>posset</span> <span class='ocrx_word' id='word_1_163' title='bbox 893 1285 1148 1336; x_wconf 87' lang='lat' dir='ltr'>incognitum.</span> <span class='ocrx_word' id='word_1_164' title='bbox 1213 1283 1269 1321; x_wconf 87' lang='lat' dir='ltr'>Ex</span> <span class='ocrx_word' id='word_1_165' title='bbox 1302 1296 1379 1334; x_wconf 91' lang='lat' dir='ltr'>quo</span> <span class='ocrx_word' id='word_1_166' title='bbox 1412 1282 1524 1322; x_wconf 83' lang='lat' dir='ltr'>intel-</span> 
     </span>
     <span class='ocr_line' id='line_1_21' title="bbox 126 1342 1525 1396; baseline -0.001 -14"><span class='ocrx_word' id='word_1_167' title='bbox 126 1359 159 1382; x_wconf 63' lang='grc' dir='ltr'>ρο</span> <span class='ocrx_word' id='word_1_168' title='bbox 180 1345 337 1396; x_wconf 86' lang='lat' dir='ltr'>legitur,</span> <span class='ocrx_word' id='word_1_169' title='bbox 353 1349 499 1394; x_wconf 86' lang='lat' dir='ltr'>quanto</span> <span class='ocrx_word' id='word_1_170' title='bbox 520 1343 736 1382; x_wconf 88' lang='lat' dir='ltr'>studiosius</span> <span class='ocrx_word' id='word_1_171' title='bbox 757 1355 957 1382; x_wconf 86' lang='lat' dir='ltr'>armorum</span> <span class='ocrx_word' id='word_1_172' title='bbox 978 1349 1061 1382; x_wconf 87' lang='lat' dir='ltr'>arte</span> <span class='ocrx_word' id='word_1_173' title='bbox 1082 1342 1284 1382; x_wconf 88' lang='lat' dir='ltr'>docendus</span> <span class='ocrx_word' id='word_1_174' title='bbox 1305 1344 1356 1381; x_wconf 92' lang='lat' dir='ltr'>sit</span> <span class='ocrx_word' id='word_1_175' title='bbox 1370 1354 1525 1393; x_wconf 90' lang='lat' dir='ltr'>semper</span> 
     </span>
     <span class='ocr_line' id='line_1_22' title="bbox 181 1402 1525 1455; baseline -0.002 -13"><span class='ocrx_word' id='word_1_176' title='bbox 181 1405 390 1455; x_wconf 50' lang='lat' dir='ltr'>exercitam,</span> <span class='ocrx_word' id='word_1_177' title='bbox 417 1415 506 1441; x_wconf 83' lang='lat' dir='ltr'>cum</span> <span class='ocrx_word' id='word_1_178' title='bbox 534 1404 569 1441; x_wconf 88' lang='lat' dir='ltr'>ei</span> <span class='ocrx_word' id='word_1_179' title='bbox 597 1402 742 1440; x_wconf 87' lang='lat' dir='ltr'>laboris</span> <span class='ocrx_word' id='word_1_180' title='bbox 770 1402 1013 1441; x_wconf 82' lang='lat' dir='ltr'>consuetudo</span> <span class='ocrx_word' id='word_1_181' title='bbox 1042 1407 1080 1441; x_wconf 88' lang='lat' dir='ltr'>et</span> <span class='ocrx_word' id='word_1_182' title='bbox 1100 1404 1139 1440; x_wconf 92' lang='lat' dir='ltr'>in</span> <span class='ocrx_word' id='word_1_183' title='bbox 1161 1403 1300 1440; x_wconf 86' lang='lat' dir='ltr'>castris</span> <span class='ocrx_word' id='word_1_184' title='bbox 1321 1403 1525 1440; x_wconf 85' lang='lat' dir='ltr'>sanitatem</span> 
     </span>
     <span class='ocr_line' id='line_1_23' title="bbox 179 1459 1527 1512; baseline -0.003 -11"><span class='ocrx_word' id='word_1_185' title='bbox 179 1470 217 1502; x_wconf 89' lang='lat' dir='ltr'>et</span> <span class='ocrx_word' id='word_1_186' title='bbox 250 1465 290 1501; x_wconf 92' lang='lat' dir='ltr'>in</span> <span class='ocrx_word' id='word_1_187' title='bbox 330 1462 514 1500; x_wconf 84' lang='lat' dir='ltr'>conflictu</span> <span class='ocrx_word' id='word_1_188' title='bbox 554 1463 679 1512; x_wconf 88' lang='lat' dir='ltr'>possit</span> <span class='ocrx_word' id='word_1_189' title='bbox 716 1466 916 1512; x_wconf 87' lang='lat' dir='ltr'>praestare</span> <span class='ocrx_word' id='word_1_190' title='bbox 955 1463 1172 1500; x_wconf 83' lang='lat' dir='ltr'>uictoriam.</span> <span class='ocrx_word' id='word_1_191' title='bbox 1237 1461 1278 1498; x_wconf 88' lang='lat' dir='ltr'>Si</span> <span class='ocrx_word' id='word_1_192' title='bbox 1311 1459 1527 1499; x_wconf 86' lang='lat' dir='ltr'>autumnali</span> 
     </span>
     <span class='ocr_line' id='line_1_24' title="bbox 179 1518 1526 1572; baseline -0.001 -12"><span class='ocrx_word' id='word_1_193' title='bbox 179 1523 411 1572; x_wconf 84' lang='lat' dir='ltr'>aestiuoque</span> <span class='ocrx_word' id='word_1_194' title='bbox 445 1527 621 1571; x_wconf 89' lang='lat' dir='ltr'>tempore</span> <span class='ocrx_word' id='word_1_195' title='bbox 654 1520 802 1559; x_wconf 89' lang='lat' dir='ltr'>diutius</span> <span class='ocrx_word' id='word_1_196' title='bbox 834 1522 875 1558; x_wconf 89' lang='lat' dir='ltr'>in</span> <span class='ocrx_word' id='word_1_197' title='bbox 907 1520 1031 1558; x_wconf 88' lang='lat' dir='ltr'>isdem</span> <span class='ocrx_word' id='word_1_198' title='bbox 1069 1519 1165 1558; x_wconf 91' lang='lat' dir='ltr'>locis</span> <span class='ocrx_word' id='word_1_199' title='bbox 1199 1519 1365 1558; x_wconf 87' lang='lat' dir='ltr'>militum</span> <span class='ocrx_word' id='word_1_200' title='bbox 1398 1518 1526 1558; x_wconf 90' lang='lat' dir='ltr'>multi-</span> 
     </span>
     <span class='ocr_line' id='line_1_25' title="bbox 179 1578 1527 1630; baseline -0.002 -11"><span class='ocrx_word' id='word_1_201' title='bbox 179 1581 273 1620; x_wconf 88' lang='lat' dir='ltr'>tudo</span> <span class='ocrx_word' id='word_1_202' title='bbox 312 1581 518 1630; x_wconf 84' lang='lat' dir='ltr'>consistat,</span> <span class='ocrx_word' id='word_1_203' title='bbox 559 1592 605 1618; x_wconf 86' lang='lat' dir='ltr'>ex</span> <span class='ocrx_word' id='word_1_204' title='bbox 650 1580 881 1630; x_wconf 82' lang='lat' dir='ltr'>contagione</span> <span class='ocrx_word' id='word_1_205' title='bbox 921 1591 1111 1629; x_wconf 89' lang='lat' dir='ltr'>aquarum</span> <span class='ocrx_word' id='word_1_206' title='bbox 1157 1584 1195 1617; x_wconf 86' lang='lat' dir='ltr'>et</span> <span class='ocrx_word' id='word_1_207' title='bbox 1232 1578 1365 1616; x_wconf 91' lang='lat' dir='ltr'>odoris</span> <span class='ocrx_word' id='word_1_208' title='bbox 1403 1579 1527 1628; x_wconf 88' lang='lat' dir='ltr'>ipsius</span> 
     </span>
    </p>
   </div>
   <div class='ocr_carea' id='block_1_3' title="bbox 176 1667 1532 2046">
    <p class='ocr_par' dir='ltr' id='par_1_3' title="bbox 176 1667 1532 2046">
     <span class='ocr_line' id='line_1_26' title="bbox 203 1667 1527 1714; baseline -0.002 -10"><span class='ocrx_word' id='word_1_209' title='bbox 203 1671 246 1705; x_wconf 88' lang='lat' dir='ltr'>V.</span> <span class='ocrx_word' id='word_1_210' title='bbox 275 1670 314 1704; x_wconf 90' lang='lat' dir='ltr'>L.</span> <span class='ocrx_word' id='word_1_211' title='bbox 413 1674 433 1704; x_wconf 87' lang='lat'><strong>3</strong></span> <span class='ocrx_word' id='word_1_212' title='bbox 459 1668 555 1714; x_wconf 87' lang='lat' dir='ltr'>illis]</span> <span class='ocrx_word' id='word_1_213' title='bbox 588 1668 678 1703; x_wconf 84' lang='lat' dir='ltr'>illuc</span> <span class='ocrx_word' id='word_1_214' title='bbox 704 1670 743 1702; x_wconf 99' lang='lat' dir='ltr'><em>H</em></span> <span class='ocrx_word' id='word_1_215' title='bbox 861 1672 881 1702; x_wconf 84' lang='lat'>5</span> <span class='ocrx_word' id='word_1_216' title='bbox 908 1669 1000 1714; x_wconf 85' lang='lat' dir='ltr'>Nec]</span> <span class='ocrx_word' id='word_1_217' title='bbox 1036 1679 1081 1703; x_wconf 88' lang='lat' dir='ltr'>ne</span> <span class='ocrx_word' id='word_1_218' title='bbox 1108 1683 1133 1714; x_wconf 88' lang='grc' dir='ltr'>μ</span> <span class='ocrx_word' id='word_1_219' title='bbox 1253 1667 1479 1712; x_wconf 71' lang='lat' dir='ltr'>palustribus</span> <span class='ocrx_word' id='word_1_220' title='bbox 1500 1680 1527 1702; x_wconf 84' lang='grc' dir='ltr'><em>π</em></span> 
     </span>
     <span class='ocr_line' id='line_1_27' title="bbox 179 1713 1532 1763; baseline -0.002 -11"><span class='ocrx_word' id='word_1_221' title='bbox 179 1717 288 1763; x_wconf 82' lang='lat' dir='ltr'>palus</span> <span class='ocrx_word' id='word_1_222' title='bbox 309 1717 343 1750; x_wconf 77' lang='grc' dir='ltr'>α’</span> <span class='ocrx_word' id='word_1_223' title='bbox 371 1716 558 1761; x_wconf 81' lang='lat' dir='ltr'>paludosis</span> <span class='ocrx_word' id='word_1_224' title='bbox 580 1716 632 1751; x_wconf 64' lang='lat' dir='ltr'>Gt</span> <span class='ocrx_word' id='word_1_225' title='bbox 731 1720 750 1750; x_wconf 88' lang='grc'><strong>6</strong></span> <span class='ocrx_word' id='word_1_226' title='bbox 777 1726 918 1751; x_wconf 87' lang='lat' dir='ltr'>ueneno</span> <span class='ocrx_word' id='word_1_227' title='bbox 946 1715 1076 1750; x_wconf 84' lang='lat' dir='ltr'>similis</span> <span class='ocrx_word' id='word_1_228' title='bbox 1096 1718 1134 1750; x_wconf 78' lang='grc' dir='ltr'>π’</span> <span class='ocrx_word' id='word_1_229' title='bbox 1161 1727 1302 1750; x_wconf 87' lang='lat' dir='ltr'>ueneno</span> <span class='ocrx_word' id='word_1_230' title='bbox 1330 1713 1532 1750; x_wconf 86' lang='lat' dir='ltr'>similesM</span> 
     </span>
     <span class='ocr_line' id='line_1_28' title="bbox 180 1762 1436 1809; baseline -0.003 -9"><span class='ocrx_word' id='word_1_231' title='bbox 180 1763 353 1800; x_wconf 86' lang='lat' dir='ltr'>uenenosi</span> <span class='ocrx_word' id='word_1_232' title='bbox 383 1763 493 1798; x_wconf 86' lang='lat' dir='ltr'>miles</span> <span class='ocrx_word' id='word_1_233' title='bbox 512 1763 561 1807; x_wconf 61' lang='lat' dir='ltr'>A,</span> <span class='ocrx_word' id='word_1_234' title='bbox 580 1762 753 1798; x_wconf 80' lang='lat' dir='ltr'>uenenofi</span> <span class='ocrx_word' id='word_1_235' title='bbox 784 1763 969 1798; x_wconf 76' lang='lat' dir='ltr'>militibus</span> <span class='ocrx_word' id='word_1_236' title='bbox 996 1763 1029 1798; x_wconf 77' lang='lat' dir='ltr'><em>G</em></span> <span class='ocrx_word' id='word_1_237' title='bbox 1062 1763 1220 1809; x_wconf 88' lang='lat' dir='ltr'>[ueneno</span> <span class='ocrx_word' id='word_1_238' title='bbox 1254 1762 1328 1797; x_wconf 88' lang='lat' dir='ltr'>sim.</span> <span class='ocrx_word' id='word_1_239' title='bbox 1380 1763 1436 1796; x_wconf 84' lang='grc' dir='ltr'>λΡ</span> 
     </span>
     <span class='ocr_line' id='line_1_29' title="bbox 181 1809 1528 1857; baseline -0.003 -10"><span class='ocrx_word' id='word_1_240' title='bbox 181 1817 199 1847; x_wconf 84' lang='grc'>7</span> <span class='ocrx_word' id='word_1_241' title='bbox 222 1813 402 1857; x_wconf 80' lang='lat' dir='ltr'>generant</span> <span class='ocrx_word' id='word_1_242' title='bbox 421 1811 485 1855; x_wconf 87' lang='grc' dir='ltr'>μΡ</span> <span class='ocrx_word' id='word_1_243' title='bbox 550 1812 591 1844; x_wconf 87' lang='lat' dir='ltr'>ut</span> <span class='ocrx_word' id='word_1_244' title='bbox 610 1811 680 1845; x_wconf 85' lang='lat' dir='ltr'>hoe</span> <span class='ocrx_word' id='word_1_245' title='bbox 700 1810 785 1844; x_wconf 83' lang='lat' dir='ltr'>casu</span> <span class='ocrx_word' id='word_1_246' title='bbox 803 1813 913 1855; x_wconf 66' lang='lat' dir='ltr'>uzolgyo</span> <span class='ocrx_word' id='word_1_247' title='bbox 934 1810 1063 1845; x_wconf 81' lang='lat' dir='ltr'>occasu</span> <span class='ocrx_word' id='word_1_248' title='bbox 1083 1824 1106 1845; x_wconf 84' lang='grc' dir='ltr'>α</span> <span class='ocrx_word' id='word_1_249' title='bbox 1134 1814 1175 1845; x_wconf 87' lang='lat' dir='ltr'>ut</span> <span class='ocrx_word' id='word_1_250' title='bbox 1200 1810 1283 1844; x_wconf 82' lang='lat' dir='ltr'>casu</span> <span class='ocrx_word' id='word_1_251' title='bbox 1302 1823 1329 1844; x_wconf 89' lang='grc' dir='ltr'><em>π</em></span> <span class='ocrx_word' id='word_1_252' title='bbox 1368 1809 1451 1844; x_wconf 86' lang='lat' dir='ltr'>casu</span> <span class='ocrx_word' id='word_1_253' title='bbox 1470 1809 1528 1843; x_wconf 86' lang='grc' dir='ltr'>λΡ</span> 
     </span>
     <span class='ocr_line' id='line_1_30' title="bbox 181 1857 1528 1899; baseline -0.003 -5"><span class='ocrx_word' id='word_1_254' title='bbox 181 1862 223 1894; x_wconf 84' lang='lat' dir='ltr'>ut</span> <span class='ocrx_word' id='word_1_255' title='bbox 243 1869 376 1894; x_wconf 83' lang='lat' dir='ltr'>occasu</span> <span class='ocrx_word' id='word_1_256' title='bbox 396 1858 557 1893; x_wconf 76' lang='lat' dir='ltr'>Stewech.</span> <span class='ocrx_word' id='word_1_257' title='bbox 579 1859 649 1894; x_wconf 82' lang='lat' dir='ltr'>hoc</span> <span class='ocrx_word' id='word_1_258' title='bbox 669 1857 753 1892; x_wconf 85' lang='lat' dir='ltr'>casu</span> <span class='ocrx_word' id='word_1_259' title='bbox 776 1858 958 1899; x_wconf 49' lang='lat' dir='ltr'>()udes›2d.‚-</span> <span class='ocrx_word' id='word_1_260' title='bbox 985 1859 1046 1893; x_wconf 78' lang='lat' dir='ltr'>sed</span> <span class='ocrx_word' id='word_1_261' title='bbox 1065 1859 1133 1892; x_wconf 69' lang='lat' dir='ltr'>uim</span> <span class='ocrx_word' id='word_1_262' title='bbox 1152 1859 1194 1892; x_wconf 88' lang='lat' dir='ltr'>ut</span> <span class='ocrx_word' id='word_1_263' title='bbox 1212 1858 1389 1892; x_wconf 72' lang='lat' dir='ltr'>uocabulo</span> <span class='ocrx_word' id='word_1_264' title='bbox 1409 1858 1528 1891; x_wconf 72' lang='lat' dir='ltr'>careri</span> 
     </span>
     <span class='ocr_line' id='line_1_31' title="bbox 176 1904 1527 1951; baseline -0.003 -10"><span class='ocrx_word' id='word_1_265' title='bbox 176 1910 303 1951; x_wconf 69' lang='lat' dir='ltr'>potest.</span> <span class='ocrx_word' id='word_1_266' title='bbox 355 1910 374 1940; x_wconf 85' lang='lat'>9</span> <span class='ocrx_word' id='word_1_267' title='bbox 388 1905 727 1950; x_wconf 79' lang='lat' dir='ltr'>principiorumque</span> <span class='ocrx_word' id='word_1_268' title='bbox 739 1905 779 1950; x_wconf 84' lang='lat' dir='ltr'>Vl</span> <span class='ocrx_word' id='word_1_269' title='bbox 795 1905 1077 1950; x_wconf 86' lang='lat' dir='ltr'>principumque</span> <span class='ocrx_word' id='word_1_270' title='bbox 1089 1916 1178 1940; x_wconf 75' lang='lat' dir='ltr'>corr.</span> <span class='ocrx_word' id='word_1_271' title='bbox 1192 1917 1235 1940; x_wconf 79' lang='lat' dir='ltr'>ex</span> <span class='ocrx_word' id='word_1_272' title='bbox 1247 1904 1527 1949; x_wconf 80' lang='lat' dir='ltr'>principiorum-</span> 
     </span>
     <span class='ocr_line' id='line_1_32' title="bbox 184 1952 1527 1998; baseline -0.001 -11"><span class='ocrx_word' id='word_1_273' title='bbox 184 1965 254 1998; x_wconf 87' lang='lat' dir='ltr'>que</span> <span class='ocrx_word' id='word_1_274' title='bbox 281 1954 317 1988; x_wconf 91' lang='lat' dir='ltr'><em>P</em></span> <span class='ocrx_word' id='word_1_275' title='bbox 389 1957 429 1987; x_wconf 80' lang='lat'>12</span> <span class='ocrx_word' id='word_1_276' title='bbox 459 1952 512 1998; x_wconf 85' lang='lat' dir='ltr'>[et</span> <span class='ocrx_word' id='word_1_277' title='bbox 537 1953 671 1998; x_wconf 85' lang='lat' dir='ltr'>morbi]</span> <span class='ocrx_word' id='word_1_278' title='bbox 701 1954 739 1986; x_wconf 87' lang='lat' dir='ltr'><em>H</em></span> <span class='ocrx_word' id='word_1_279' title='bbox 812 1956 853 1987; x_wconf 87' lang='lat'>13</span> <span class='ocrx_word' id='word_1_280' title='bbox 882 1952 1057 1987; x_wconf 83' lang='lat' dir='ltr'>exercitia</span> <span class='ocrx_word' id='word_1_281' title='bbox 1082 1963 1266 1986; x_wconf 81' lang='lat' dir='ltr'>armorum</span> <span class='ocrx_word' id='word_1_282' title='bbox 1290 1954 1328 1986; x_wconf 89' lang='lat' dir='ltr'><em>H</em></span> <span class='ocrx_word' id='word_1_283' title='bbox 1401 1955 1443 1985; x_wconf 82' lang='lat'>19</span> <span class='ocrx_word' id='word_1_284' title='bbox 1471 1962 1527 1985; x_wconf 81' lang='lat' dir='ltr'>ae-</span> 
     </span>
     <span class='ocr_line' id='line_1_33' title="bbox 184 1999 1530 2046; baseline -0.002 -11"><span class='ocrx_word' id='word_1_285' title='bbox 184 2001 313 2036; x_wconf 84' lang='lat' dir='ltr'>eedere</span> <span class='ocrx_word' id='word_1_286' title='bbox 341 2001 400 2035; x_wconf 77' lang='grc' dir='ltr'>εΠ</span> <span class='ocrx_word' id='word_1_287' title='bbox 482 1999 594 2044; x_wconf 84' lang='lat' dir='ltr'>possit</span> <span class='ocrx_word' id='word_1_288' title='bbox 620 2002 677 2034; x_wconf 82' lang='grc' dir='ltr'>εΠ</span> <span class='ocrx_word' id='word_1_289' title='bbox 754 2004 798 2034; x_wconf 80' lang='lat'>20</span> <span class='ocrx_word' id='word_1_290' title='bbox 824 2000 979 2046; x_wconf 88' lang='lat' dir='ltr'>quanto]</span> <span class='ocrx_word' id='word_1_291' title='bbox 1007 2012 1117 2044; x_wconf 83' lang='lat' dir='ltr'>quam</span> <span class='ocrx_word' id='word_1_292' title='bbox 1144 1999 1199 2033; x_wconf 79' lang='grc' dir='ltr'>λΡ</span> <span class='ocrx_word' id='word_1_293' title='bbox 1276 2000 1393 2033; x_wconf 80' lang='lat' dir='ltr'>artem</span> <span class='ocrx_word' id='word_1_294' title='bbox 1420 1999 1530 2042; x_wconf 42' lang='lat' dir='ltr'>utel-qo</span> 
     </span>
    </p>
   </div>
   <div class='ocr_carea' id='block_1_4' title="bbox 185 2081 1533 2317">
    <p class='ocr_par' dir='ltr' id='par_1_4' title="bbox 185 2081 1533 2317">
     <span class='ocr_line' id='line_1_34' title="bbox 209 2081 1530 2128; baseline -0.002 -12"><span class='ocrx_word' id='word_1_295' title='bbox 209 2083 242 2117; x_wconf 77' lang='lat' dir='ltr'>S.</span> <span class='ocrx_word' id='word_1_296' title='bbox 269 2083 307 2117; x_wconf 90' lang='lat' dir='ltr'>L.</span> <span class='ocrx_word' id='word_1_297' title='bbox 408 2087 425 2117; x_wconf 87' lang='lat'>1</span> <span class='ocrx_word' id='word_1_298' title='bbox 455 2083 602 2128; x_wconf 83' lang='lat' dir='ltr'>coepto]</span> <span class='ocrx_word' id='word_1_299' title='bbox 630 2085 737 2127; x_wconf 83' lang='lat' dir='ltr'>cepto</span> <span class='ocrx_word' id='word_1_300' title='bbox 765 2085 801 2116; x_wconf 89' lang='lat' dir='ltr'><em>H</em></span> <span class='ocrx_word' id='word_1_301' title='bbox 898 2082 1074 2117; x_wconf 80' lang='lat' dir='ltr'>distinata</span> <span class='ocrx_word' id='word_1_302' title='bbox 1101 2096 1125 2126; x_wconf 88' lang='grc' dir='ltr'>μ</span> <span class='ocrx_word' id='word_1_303' title='bbox 1222 2081 1346 2127; x_wconf 85' lang='lat' dir='ltr'>saeua]</span> <span class='ocrx_word' id='word_1_304' title='bbox 1374 2081 1459 2127; x_wconf 62' lang='lat' dir='ltr'>seua</span> <span class='ocrx_word' id='word_1_305' title='bbox 1484 2081 1530 2115; x_wconf 76' lang='lat' dir='ltr'>A‘</span> 
     </span>
     <span class='ocr_line' id='line_1_35' title="bbox 186 2128 1533 2176; baseline -0.001 -13"><span class='ocrx_word' id='word_1_306' title='bbox 186 2130 270 2165; x_wconf 88' lang='lat' dir='ltr'>sena</span> <span class='ocrx_word' id='word_1_307' title='bbox 284 2143 336 2175; x_wconf 84' lang='grc' dir='ltr'>μπ</span> <span class='ocrx_word' id='word_1_308' title='bbox 392 2134 412 2164; x_wconf 88' lang='grc'><strong>3</strong></span> <span class='ocrx_word' id='word_1_309' title='bbox 433 2130 628 2174; x_wconf 83' lang='lat' dir='ltr'>paciantur</span> <span class='ocrx_word' id='word_1_310' title='bbox 648 2143 671 2163; x_wconf 82' lang='grc' dir='ltr'><em>α</em></span> <span class='ocrx_word' id='word_1_311' title='bbox 728 2134 748 2164; x_wconf 84' lang='grc'><em>5</em></span> <span class='ocrx_word' id='word_1_312' title='bbox 770 2129 833 2174; x_wconf 86' lang='lat' dir='ltr'>qui</span> <span class='ocrx_word' id='word_1_313' title='bbox 852 2130 994 2176; x_wconf 79' lang='lat' dir='ltr'>algere]</span> <span class='ocrx_word' id='word_1_314' title='bbox 1016 2128 1228 2174; x_wconf 82' lang='lat' dir='ltr'>quialegere</span> <span class='ocrx_word' id='word_1_315' title='bbox 1250 2129 1430 2173; x_wconf 84' lang='lat' dir='ltr'>(qnilgere</span> <span class='ocrx_word' id='word_1_316' title='bbox 1446 2128 1492 2170; x_wconf 88' lang='lat' dir='ltr'>L)</span> <span class='ocrx_word' id='word_1_317' title='bbox 1509 2142 1533 2173; x_wconf 88' lang='grc' dir='ltr'>μ</span> 
     </span>
     <span class='ocr_line' id='line_1_36' title="bbox 282 2175 1532 2222; baseline -0.001 -11"><span class='ocrx_word' id='word_1_318' title='bbox 282 2177 517 2222; x_wconf 74' lang='lat' dir='ltr'>compellitur</span> <span class='ocrx_word' id='word_1_319' title='bbox 543 2179 581 2210; x_wconf 90' lang='lat' dir='ltr'><em>H</em></span> <span class='ocrx_word' id='word_1_320' title='bbox 658 2176 869 2222; x_wconf 76' lang='lat' dir='ltr'>pernitiosis</span> <span class='ocrx_word' id='word_1_321' title='bbox 890 2190 913 2211; x_wconf 82' lang='grc' dir='ltr'>οι</span> <span class='ocrx_word' id='word_1_322' title='bbox 999 2181 1018 2212; x_wconf 86' lang='grc'><strong>6</strong></span> <span class='ocrx_word' id='word_1_323' title='bbox 1045 2177 1145 2222; x_wconf 88' lang='lat' dir='ltr'>nam]</span> <span class='ocrx_word' id='word_1_324' title='bbox 1173 2175 1249 2210; x_wconf 86' lang='lat' dir='ltr'>Nee</span> <span class='ocrx_word' id='word_1_325' title='bbox 1275 2176 1310 2210; x_wconf 89' lang='lat' dir='ltr'><strong><em>A</em></strong></span> <span class='ocrx_word' id='word_1_326' title='bbox 1393 2176 1532 2221; x_wconf 83' lang='lat' dir='ltr'>malae]</span> 
     </span>
     <span class='ocr_line' id='line_1_37' title="bbox 185 2223 1466 2269; baseline -0.001 -11"><span class='ocrx_word' id='word_1_327' title='bbox 185 2224 285 2259; x_wconf 85' lang='lat' dir='ltr'>mala</span> <span class='ocrx_word' id='word_1_328' title='bbox 305 2225 341 2259; x_wconf 83' lang='lat' dir='ltr'><strong><em>A</em></strong></span> <span class='ocrx_word' id='word_1_329' title='bbox 415 2229 434 2259; x_wconf 86' lang='lat'>8</span> <span class='ocrx_word' id='word_1_330' title='bbox 462 2224 615 2268; x_wconf 77' lang='lat' dir='ltr'>cybisA</span> <span class='ocrx_word' id='word_1_331' title='bbox 690 2229 709 2259; x_wconf 84' lang='lat'>9</span> <span class='ocrx_word' id='word_1_332' title='bbox 736 2224 865 2268; x_wconf 85' lang='lat' dir='ltr'>ipsius]</span> <span class='ocrx_word' id='word_1_333' title='bbox 892 2223 1035 2269; x_wconf 87' lang='lat' dir='ltr'>ipsisH</span> <span class='ocrx_word' id='word_1_334' title='bbox 1107 2228 1147 2258; x_wconf 78' lang='lat'>12</span> <span class='ocrx_word' id='word_1_335' title='bbox 1177 2223 1383 2258; x_wconf 81' lang='lat' dir='ltr'>cottidiana</span> <span class='ocrx_word' id='word_1_336' title='bbox 1410 2223 1466 2257; x_wconf 50' lang='lat' dir='ltr'>&amp;P</span> 
     </span>
     <span class='ocr_line' id='line_1_38' title="bbox 189 2269 1464 2317; baseline -0.001 -12"><span class='ocrx_word' id='word_1_337' title='bbox 189 2275 231 2305; x_wconf 89' lang='lat'>15</span> <span class='ocrx_word' id='word_1_338' title='bbox 259 2271 471 2317; x_wconf 81' lang='lat' dir='ltr'>uoluerunt]</span> <span class='ocrx_word' id='word_1_339' title='bbox 507 2272 694 2307; x_wconf 85' lang='lat' dir='ltr'>uoluerint</span> <span class='ocrx_word' id='word_1_340' title='bbox 718 2274 752 2306; x_wconf 75' lang='lat' dir='ltr'><strong><em>A</em></strong></span> <span class='ocrx_word' id='word_1_341' title='bbox 853 2275 894 2306; x_wconf 84' lang='lat'>18</span> <span class='ocrx_word' id='word_1_342' title='bbox 922 2271 1060 2306; x_wconf 79' lang='lat' dir='ltr'>assidue</span> <span class='ocrx_word' id='word_1_343' title='bbox 1088 2272 1127 2305; x_wconf 91' lang='lat' dir='ltr'><em>H</em></span> <span class='ocrx_word' id='word_1_344' title='bbox 1222 2275 1263 2305; x_wconf 84' lang='lat'>19</span> <span class='ocrx_word' id='word_1_345' title='bbox 1291 2269 1400 2315; x_wconf 85' lang='lat' dir='ltr'>prelii</span> <span class='ocrx_word' id='word_1_346' title='bbox 1425 2272 1464 2304; x_wconf 88' lang='lat' dir='ltr'><em>H</em></span> 
     </span>
    </p>
   </div>
   <div class='ocr_carea' id='block_1_5' title="bbox 188 2317 1531 2413">
    <p class='ocr_par' dir='ltr' id='par_1_5' title="bbox 188 2317 1531 2413">
     <span class='ocr_line' id='line_1_39' title="bbox 188 2317 1531 2365; baseline -0.001 -13"><span class='ocrx_word' id='word_1_347' title='bbox 188 2322 231 2352; x_wconf 77' lang='lat'>22</span> <span class='ocrx_word' id='word_1_348' title='bbox 264 2318 454 2365; x_wconf 80' lang='lat' dir='ltr'>conflictu]</span> <span class='ocrx_word' id='word_1_349' title='bbox 488 2329 524 2353; x_wconf 93' lang='lat' dir='ltr'>—o</span> <span class='ocrx_word' id='word_1_350' title='bbox 559 2331 582 2353; x_wconf 82' lang='lat' dir='ltr'>oc</span> <span class='ocrx_word' id='word_1_351' title='bbox 703 2317 910 2353; x_wconf 72' lang='lat' dir='ltr'>autumnali</span> <span class='ocrx_word' id='word_1_352' title='bbox 942 2318 1097 2364; x_wconf 86' lang='lat' dir='ltr'>aestiuo]</span> <span class='ocrx_word' id='word_1_353' title='bbox 1130 2317 1361 2353; x_wconf 77' lang='lat' dir='ltr'>autumnalia</span> <span class='ocrx_word' id='word_1_354' title='bbox 1393 2317 1531 2352; x_wconf 79' lang='lat' dir='ltr'>aestiuo</span> 
     </span>
     <span class='ocr_line' id='line_1_40' title="bbox 188 2365 968 2413; baseline -0.001 -13"><span class='ocrx_word' id='word_1_355' title='bbox 188 2365 271 2409; x_wconf 82' lang='lat' dir='ltr'>(est-</span> <span class='ocrx_word' id='word_1_356' title='bbox 299 2365 357 2409; x_wconf 73' lang='lat' dir='ltr'>M)</span> <span class='ocrx_word' id='word_1_357' title='bbox 384 2365 419 2400; x_wconf 83' lang='grc' dir='ltr'>α’</span> <span class='ocrx_word' id='word_1_358' title='bbox 517 2370 561 2401; x_wconf 80' lang='lat'>23</span> <span class='ocrx_word' id='word_1_359' title='bbox 587 2366 718 2413; x_wconf 79' lang='lat' dir='ltr'>isdem]</span> <span class='ocrx_word' id='word_1_360' title='bbox 744 2366 885 2401; x_wconf 87' lang='lat' dir='ltr'>hisdem</span> <span class='ocrx_word' id='word_1_361' title='bbox 911 2366 968 2400; x_wconf 85' lang='grc' dir='ltr'>επ’</span> 
     </span>
    </p>
   </div>
  </div>
 </body>
</html>
