1638 2620
142 99 195 139 12
689 99 769 136 Lib.
797 99 825 142 I,
852 103 882 135 7.
910 103 942 134 8.

137 198 229 236 hInc
263 204 321 236 tot
347 197 494 248 ubique
521 197 568 235 ab
595 197 777 236 hostibus
804 197 945 236 inlatae
973 205 1066 236 sunt
1093 198 1233 250 clades,
1260 198 1352 236 dum
1373 197 1487 248 longa

137 269 211 308 pax
256 257 419 295 militem
464 258 704 295 incuriosius
749 256 867 308 legit,
912 256 1004 294 dum
1049 257 1296 296 honestiores
1342 258 1488 307 quique

139 315 270 354 ciuilia
303 320 506 354 sectantur
538 315 678 367 officia,
711 315 805 353 dum
837 315 975 354 indicti
1007 316 1304 366 possessoribus
1337 317 1487 354 tirones

137 387 208 425 per
235 376 398 426 gratiam
425 379 492 413 aut
518 374 870 412 dissimulationem
896 374 1150 425 probantium
1170 374 1266 413 tales
1288 376 1489 413 sociantur
1632 420 1633 428 ἵ

101 435 274 484 5armis,
315 433 449 483 quales
489 432 636 470 domini
674 432 818 471 habere
858 433 1074 472 fastidiunt.
1130 435 1160 472 A
1201 435 1351 484 magnis
1396 445 1489 484 ergo
1632 430 1638 475 l

137 494 235 531 uiris
268 504 486 542 magnaque
519 491 721 542 diligentia
759 492 921 530 idoneos
960 492 1050 543 eligi
1083 494 1271 531 conuenit
1301 493 1489 531 iuniores.
1632 519 1633 539 ¹

0 577 104 601 Quando
118 578 215 597 „mnes
235 577 267 596 Si,
281 549 376 588 Vlll.
410 550 486 588 Sed
508 562 586 588 non
608 552 737 589 statim
759 553 917 601 punctis
945 552 1147 601 signorum
1169 550 1403 589 scribendus
1430 557 1491 589 est

0 607 91 633 ³⁰³¹¹ffi
109 608 168 627 ΒΜ·
281 611 356 648 tiro
381 609 567 661 dilectus,
593 621 734 648 uerum
755 615 844 648 ante
866 611 1055 648 exercitio
1076 610 1414 661 pertemptanduS,
1435 615 1490 661 ut,

138 674 273 706 utrum
294 680 389 706 uere
410 673 518 706 tanto
540 670 651 719 operi
673 675 787 719 aptus
808 670 870 720 sit,
892 670 1016 719 possit
1035 670 1204 719 agnosci.
1237 668 1287 707 Et
1301 668 1491 707 uelocitas

85 738 119 761 10
138 729 178 765 in
217 727 282 765 illo
323 727 560 777 requirenda
600 727 758 766 uidetur
791 733 830 766 et
867 727 1007 778 robur,
1045 734 1085 766 et
1122 733 1258 766 utrum
1291 739 1491 766 armorum

138 785 385 836 disciplinam
406 786 584 824 ediscere
605 785 745 838 ualeat,
773 792 908 825 utrum
935 786 1075 825 habeat
1096 787 1371 825 confidentiam
1393 786 1490 824 mili-

138 852 275 883 tarem.
320 845 504 896 Plerique
531 846 648 896 enim,
675 847 857 896 quamuis
884 858 962 883 non
988 845 1254 897 inprobabiles
1280 845 1492 884 uideantur

138 906 177 942 in
211 905 360 956 specie,
392 911 523 942 tamen
557 905 838 955 experimentis
871 904 1166 955 conprobantur
1197 904 1359 955 indigni.
1416 903 1490 942 Re—

137 963 325 1013 pudiandi
352 975 446 1013 ergo
472 965 603 1002 minus
630 963 748 1001 utiles
774 969 813 1002 et
838 965 877 1002 in
904 963 1034 1002 locum
1061 976 1198 1002 eorum
1227 964 1492 1002 strenuissimi

84 1032 117 1055 15
139 1021 379 1072 subrogandi
406 1029 509 1060 sunt.
560 1022 603 1060 Iu
631 1023 738 1060 omni
765 1024 867 1061 enim
896 1023 1082 1061 conflictu
1108 1035 1187 1061 non
1220 1029 1298 1061 tam
1330 1022 1493 1073 prodest

137 1081 348 1119 multitudo
382 1093 498 1132 quam
532 1083 672 1120 uirtus.

262 1140 434 1191 Signatis
473 1142 605 1191 itaque
647 1140 844 1179 tironibus
882 1153 954 1192 per
987 1140 1181 1178 cotidiana
1215 1141 1401 1178 exercitia
1433 1152 1492 1178 ar-

141 1211 296 1237 morum
330 1204 390 1237 est
423 1199 727 1237 demonstranda
765 1199 954 1238 doctrina.
1019 1198 1095 1238 Sed
1135 1199 1253 1237 huius
1285 1200 1344 1237 rei
1375 1210 1493 1237 usum

140 1257 401 1296 dissimulatio
441 1258 578 1308 longae
619 1251 844 1297 securitatis
882 1258 1066 1297 aboleuit.
1135 1258 1261 1304 Quem
1300 1259 1492 1310 inuenias‚

87 1327 120 1351 20
142 1318 209 1367 qui
254 1317 396 1355 docere
442 1318 568 1368 possit
607 1318 710 1368 quod
756 1319 839 1368 ipse
880 1330 958 1355 non
997 1315 1162 1356 didicit?
1224 1317 1278 1355 De
1316 1316 1493 1355 historiis

140 1388 232 1426 ergo
272 1375 337 1414 uel
377 1375 488 1414 libris
528 1375 641 1414 nobis
680 1378 840 1427 antiqua
883 1377 1128 1415 consuetudo
1167 1376 1383 1426 repetenda
1421 1381 1492 1414 est.

140 1434 217 1473 Sed
252 1435 307 1473 illi
340 1447 404 1473 res
438 1441 568 1486 gestas
602 1441 640 1473 et
674 1441 842 1474 euentus
877 1442 1027 1474 tantum
1061 1437 1257 1486 scripsere
1285 1434 1491 1486 bellorum,

138 1496 232 1545 ista,
279 1506 377 1544 quae
423 1506 528 1532 nunc
575 1496 825 1545 quaerimus,
876 1501 1073 1545 tamquam
1119 1500 1211 1532 nota
1254 1494 1492 1544 linquentes

138 1552 438 1591 Lacedaemonii
484 1553 642 1603 quidem
685 1560 723 1592 et
761 1554 1022 1592 Athenienses
1068 1553 1209 1604 aliique
1250 1553 1493 1591 Graecorum

87 1621 120 1645 25
142 1613 182 1650 in
216 1611 338 1650 libros
372 1611 562 1650 rettulere
597 1612 784 1663 conplura
820 1625 918 1663 quae
952 1614 1093 1651 tactica
1125 1618 1287 1664 uocant3
1320 1611 1388 1650 sed
1422 1624 1493 1650 nos

162 1726 204 1760 V.
232 1725 271 1760 L.
364 1730 385 1760 4
413 1727 478 1760 aut
504 1725 600 1772 diff]
628 1737 670 1759 ac
697 1724 775 1760 diss.
805 1727 828 1759 ὃ
922 1726 1127 1770 probantur
1153 1728 1192 1760 H
1287 1725 1370 1761 CM».
1396 1724 1491 1760 VIII.

237 1778 254 1807 7
283 1773 539 1808 inscribendus
561 1775 600 1807 H
624 1773 776 1808 Fo'rster
801 1774 913 1817 uulyo
1010 1777 1031 1807 8
1058 1772 1238 1818 dilectus]
1266 1772 1435 1806 delectus
1455 1772 1492 1806 π’

234 1820 570 1865 praetemptandus
593 1820 652 1854 εΡ
753 1825 773 1855 9
799 1821 921 1864 tanto]
948 1822 1094 1855 tantum
1124 1821 1153 1865 (υ)
1253 1824 1296 1854 10
1322 1819 1494 1854 uideatur

137 1868 214 1902 πὊτΥ
241 1869 316 1911 (sed
341 1869 383 1902 in
407 1869 472 1902 hoe
497 1880 524 1902 c.
553 1868 609 1902 at⁹
635 1869 677 1902 in
704 1869 724 1902 l.
752 1868 817 1911 er.)
936 1868 1006 1913 [et]
1032 1870 1158 1902 utrum
1184 1868 1231 1901 A'
1350 1871 1392 1901 13
1421 1866 1491 1912 [in]

139 1914 259 1960 specie
286 1917 308 1949 δ
332 1914 371 1949 in
397 1915 447 1960 sp.
475 1915 511 1949 P
533 1914 571 1948 in
596 1915 755 1960 speciem
783 1915 888 1949 Mod.
965 1919 1008 1949 14
1035 1915 1103 1960 [in]
1131 1916 1172 1948 H
1250 1918 1291 1948 19
1317 1914 1431 1958 longa¹
1457 1915 1497 1947 H

232 1962 410 1996 inueniaes
432 1963 468 1996 P
489 1963 657 1997 inuenies
679 1963 701 1995 ὃ
784 1966 827 1996 22
856 1962 1037 2008 [tantum]
1071 1965 1106 1996 H
1188 1965 1232 1995 23
1260 1960 1489 2005 linquentes]

138 2009 392 2054 relinquentes
414 2012 453 2043 H
534 2014 578 2044 25
605 2010 643 2043 in
670 2009 776 2043 libris
797 2010 883 2043 A'n'
965 2009 1142 2044 rettulere
1171 2009 1220 2043 M
1244 2008 1418 2043 retullere
1439 2009 1486 2052 Al

139 2057 301 2092 retulere
322 2057 473 2102 A2G‘Qn
573 2057 685 2102 [quae
712 2056 851 2091 tactica
876 2057 1028 2102 uocant]
1057 2057 1116 2091 sP

164 2152 197 2187 S.
224 2152 263 2187 L.
315 2157 336 2186 4
362 2152 476 2197 tales]
503 2151 592 2186 talis
614 2151 649 2185 α’
719 2152 801 2186 CAP.
830 2151 925 2186 VIII.
977 2154 997 2185 8
1024 2151 1080 2196 ut]
1109 2152 1147 2184 et
1172 2152 1212 2184 H
1261 2153 1304 2183 10
1330 2149 1440 2184 robor
1467 2163 1491 2194 μ

236 2204 278 2233 12
304 2199 461 2244 improb.
490 2200 530 2233 H
602 2202 644 2232 13
670 2197 908 2244 repudiandi]
934 2196 1118 2242 repuandi
1137 2197 1186 2231 M
1206 2197 1435 2242 repudiando
1457 2198 1497 2230 H

236 2251 279 2281 14
304 2247 445 2291 locum]
471 2246 557 2281 locu
575 2248 623 2291 Al
722 2250 764 2279 15
790 2245 954 2291 prodest]
982 2245 1097 2290 prude
1124 2244 1178 2278 est
1202 2245 1250 2290 Al
1343 2248 1386 2279 17
1413 2245 1493 2278 cot-

140 2294 286 2328 tidiana
311 2308 335 2338 μ
388 2298 430 2328 19
458 2293 642 2339 aboleuit]
670 2293 836 2327 abolebit
862 2295 901 2327 H
949 2296 993 2327 22
1019 2291 1091 2337 illi]
1120 2292 1184 2326 ille
1210 2292 1259 2337 Al
1315 2295 1361 2326 24
1387 2291 1492 2326 athe-

138 2340 309 2375 nihenses
330 2341 378 2375 M
472 2344 517 2375 25
543 2340 735 2385 complura
759 2341 795 2374 π’
