<?xml version="1.0" encoding="UTF-8"?>
<!DOCTYPE html PUBLIC "-//W3C//DTD XHTML 1.0 Transitional//EN"
    "http://www.w3.org/TR/xhtml1/DTD/xhtml1-transitional.dtd">
<html xmlns="http://www.w3.org/1999/xhtml" xml:lang="en" lang="en">
 <head>
  <title>
</title>
<meta http-equiv="Content-Type" content="text/html;charset=utf-8" />
  <meta name='ocr-system' content='tesseract 3.04.00' />
  <meta name='ocr-capabilities' content='ocr_page ocr_carea ocr_par ocr_line ocrx_word'/>
</head>
<body>
  <div class='ocr_page' id='page_1' title='image "./flavivegetirenat00vegeuoft/flavivegetirenat00vegeuoft_0018.png"; bbox 0 0 1638 2620; ppageno 0'>
   <div class='ocr_carea' id='block_1_1' title="bbox 180 130 957 167">
    <p class='ocr_par' dir='ltr' id='par_1_1' title="bbox 180 130 957 167">
     <span class='ocr_line' id='line_1_1' title="bbox 180 130 957 167; baseline 0.004 -3"><span class='ocrx_word' id='word_1_1' title='bbox 180 130 283 165; x_wconf 87' lang='lat' dir='ltr'>XIIII</span> <span class='ocrx_word' id='word_1_2' title='bbox 759 130 957 167; x_wconf 67' lang='lat' dir='ltr'><em>Praefatio.</em></span> 
     </span>
    </p>
   </div>
   <div class='ocr_carea' id='block_1_2' title="bbox 171 229 1535 1753">
    <p class='ocr_par' dir='ltr' id='par_1_2' title="bbox 177 229 1534 756">
     <span class='ocr_line' id='line_1_2' title="bbox 185 229 1534 279; baseline 0.004 -11"><span class='ocrx_word' id='word_1_3' title='bbox 185 234 238 268; x_wconf 89' lang='lat' dir='ltr'><em>est</em></span> <span class='ocrx_word' id='word_1_4' title='bbox 267 232 434 269; x_wconf 75' lang='lat' dir='ltr'><em>maxime</em></span> <span class='ocrx_word' id='word_1_5' title='bbox 465 232 778 278; x_wconf 80' lang='lat' dir='ltr'><em>conquerendum,</em></span> <span class='ocrx_word' id='word_1_6' title='bbox 811 232 911 278; x_wconf 88' lang='lat' dir='ltr'><em>quod</em></span> <span class='ocrx_word' id='word_1_7' title='bbox 943 229 1117 279; x_wconf 74' lang='lat' dir='ltr'><em>Veyetius</em></span> <span class='ocrx_word' id='word_1_8' title='bbox 1149 243 1233 271; x_wconf 86' lang='lat' dir='ltr'><em>cum</em></span> <span class='ocrx_word' id='word_1_9' title='bbox 1263 235 1320 271; x_wconf 88' lang='lat' dir='ltr'><em>rei</em></span> <span class='ocrx_word' id='word_1_10' title='bbox 1349 234 1534 273; x_wconf 82' lang='lat' dir='ltr'><em>militaris</em></span> 
     </span>
     <span class='ocr_line' id='line_1_3' title="bbox 182 290 1532 339; baseline 0.004 -12"><span class='ocrx_word' id='word_1_11' title='bbox 182 301 260 327; x_wconf 86' lang='lat' dir='ltr'><em>non</em></span> <span class='ocrx_word' id='word_1_12' title='bbox 290 291 385 328; x_wconf 77' lang='lat' dir='ltr'><em>satis</em></span> <span class='ocrx_word' id='word_1_13' title='bbox 409 291 561 338; x_wconf 74' lang='lat' dir='ltr'><em>peritus</em></span> <span class='ocrx_word' id='word_1_14' title='bbox 592 293 672 327; x_wconf 93' lang='lat' dir='ltr'><em>tum</em></span> <span class='ocrx_word' id='word_1_15' title='bbox 703 290 884 328; x_wconf 74' lang='lat' dir='ltr'><em>historiae</em></span> <span class='ocrx_word' id='word_1_16' title='bbox 914 292 1180 335; x_wconf 86' lang='lat' dir='ltr'><em>mutationum,</em></span> <span class='ocrx_word' id='word_1_17' title='bbox 1213 304 1309 339; x_wconf 87' lang='lat' dir='ltr'><em>quas</em></span> <span class='ocrx_word' id='word_1_18' title='bbox 1339 304 1401 331; x_wconf 91' lang='lat' dir='ltr'><em>res</em></span> <span class='ocrx_word' id='word_1_19' title='bbox 1431 294 1532 332; x_wconf 83' lang='lat' dir='ltr'><em>mili-</em></span> 
     </span>
     <span class='ocr_line' id='line_1_4' title="bbox 181 349 1532 399; baseline 0.003 -13"><span class='ocrx_word' id='word_1_20' title='bbox 181 350 279 387; x_wconf 84' lang='lat' dir='ltr'><em>taris</em></span> <span class='ocrx_word' id='word_1_21' title='bbox 310 350 357 387; x_wconf 91' lang='lat' dir='ltr'><em>ab</em></span> <span class='ocrx_word' id='word_1_22' title='bbox 390 350 667 396; x_wconf 71' lang='lat' dir='ltr'><em>antiquissimis</em></span> <span class='ocrx_word' id='word_1_23' title='bbox 690 360 809 395; x_wconf 87' lang='lat' dir='ltr'><em>usque</em></span> <span class='ocrx_word' id='word_1_24' title='bbox 840 349 892 386; x_wconf 92' lang='lat' dir='ltr'><em>ad</em></span> <span class='ocrx_word' id='word_1_25' title='bbox 915 350 1039 396; x_wconf 59' lang='lat' dir='ltr'><em>ijosius</em></span> <span class='ocrx_word' id='word_1_26' title='bbox 1066 352 1236 397; x_wconf 73' lang='lat' dir='ltr'><em>tempora</em></span> <span class='ocrx_word' id='word_1_27' title='bbox 1265 352 1391 395; x_wconf 84' lang='lat' dir='ltr'><em>subiit,</em></span> <span class='ocrx_word' id='word_1_28' title='bbox 1410 353 1532 399; x_wconf 77' lang='lat' dir='ltr'><em>plane</em></span> 
     </span>
     <span class='ocr_line' id='line_1_5' title="bbox 179 404 1532 457; baseline 0.004 -13"><span class='ocrx_word' id='word_1_29' title='bbox 179 409 343 455; x_wconf 78' lang='lat' dir='ltr'><em>iqnarus</em></span> <span class='ocrx_word' id='word_1_30' title='bbox 377 409 549 446; x_wconf 82' lang='lat' dir='ltr'><em>instituta</em></span> <span class='ocrx_word' id='word_1_31' title='bbox 578 404 638 445; x_wconf 83' lang='lat' dir='ltr'><em>rei</em></span> <span class='ocrx_word' id='word_1_32' title='bbox 667 408 849 445; x_wconf 78' lang='lat' dir='ltr'><em>militaris</em></span> <span class='ocrx_word' id='word_1_33' title='bbox 878 409 934 446; x_wconf 89' lang='lat' dir='ltr'><em>sic</em></span> <span class='ocrx_word' id='word_1_34' title='bbox 964 409 1084 452; x_wconf 87' lang='lat' dir='ltr'><em>docet,</em></span> <span class='ocrx_word' id='word_1_35' title='bbox 1115 412 1168 452; x_wconf 91' lang='lat' dir='ltr'><em>ut,</em></span> <span class='ocrx_word' id='word_1_36' title='bbox 1205 410 1257 447; x_wconf 87' lang='lat' dir='ltr'><em>ad</em></span> <span class='ocrx_word' id='word_1_37' title='bbox 1287 422 1383 457; x_wconf 88' lang='lat' dir='ltr'><em>quae</em></span> <span class='ocrx_word' id='word_1_38' title='bbox 1420 422 1532 457; x_wconf 89' lang='lat' dir='ltr'><em>quae-</em></span> 
     </span>
     <span class='ocr_line' id='line_1_6' title="bbox 180 466 1534 516; baseline 0.002 -12"><span class='ocrx_word' id='word_1_39' title='bbox 180 478 250 513; x_wconf 88' lang='lat' dir='ltr'><em>que</em></span> <span class='ocrx_word' id='word_1_40' title='bbox 281 470 452 514; x_wconf 69' lang='lat' dir='ltr'><em>tempora</em></span> <span class='ocrx_word' id='word_1_41' title='bbox 483 468 560 504; x_wconf 84' lang='lat' dir='ltr'><em>sint</em></span> <span class='ocrx_word' id='word_1_42' title='bbox 589 466 809 513; x_wconf 83' lang='lat' dir='ltr'><em>referenda,</em></span> <span class='ocrx_word' id='word_1_43' title='bbox 834 478 1000 514; x_wconf 73' lang='lat' dir='ltr'><em>prorsus</em></span> <span class='ocrx_word' id='word_1_44' title='bbox 1030 469 1071 505; x_wconf 85' lang='lat' dir='ltr'><em>in</em></span> <span class='ocrx_word' id='word_1_45' title='bbox 1113 469 1235 506; x_wconf 84' lang='lat' dir='ltr'><em>medio</em></span> <span class='ocrx_word' id='word_1_46' title='bbox 1273 470 1534 516; x_wconf 76' lang='lat' dir='ltr'><em>relinquatur,-</em></span> 
     </span>
     <span class='ocr_line' id='line_1_7' title="bbox 179 526 1530 574; baseline 0.003 -12"><span class='ocrx_word' id='word_1_47' title='bbox 179 537 251 573; x_wconf 90' lang='lat' dir='ltr'><em>quo</em></span> <span class='ocrx_word' id='word_1_48' title='bbox 290 526 441 572; x_wconf 78' lang='lat' dir='ltr'><em>quidem</em></span> <span class='ocrx_word' id='word_1_49' title='bbox 476 527 571 563; x_wconf 78' lang='lat' dir='ltr'><em>uitio</em></span> <span class='ocrx_word' id='word_1_50' title='bbox 609 526 708 572; x_wconf 87' lang='lat' dir='ltr'><em>quod</em></span> <span class='ocrx_word' id='word_1_51' title='bbox 738 526 943 569; x_wconf 80' lang='lat' dir='ltr'><em>secundus,</em></span> <span class='ocrx_word' id='word_1_52' title='bbox 982 528 1048 573; x_wconf 87' lang='lat' dir='ltr'><em>qui</em></span> <span class='ocrx_word' id='word_1_53' title='bbox 1079 529 1132 564; x_wconf 91' lang='lat' dir='ltr'><em>est</em></span> <span class='ocrx_word' id='word_1_54' title='bbox 1163 527 1207 565; x_wconf 88' lang='lat' dir='ltr'><em>de</em></span> <span class='ocrx_word' id='word_1_55' title='bbox 1239 529 1398 574; x_wconf 84' lang='lat' dir='ltr'><em>antiqua</em></span> <span class='ocrx_word' id='word_1_56' title='bbox 1430 529 1530 567; x_wconf 72' lang='lat' dir='ltr'><em>ordi⁴</em></span> 
     </span>
     <span class='ocr_line' id='line_1_8' title="bbox 177 579 1531 636; baseline 0.001 -14"><span class='ocrx_word' id='word_1_57' title='bbox 177 586 342 627; x_wconf 81' lang='lat' dir='ltr'><em>natione,</em></span> <span class='ocrx_word' id='word_1_58' title='bbox 375 585 469 622; x_wconf 82' lang='lat' dir='ltr'><em>liber</em></span> <span class='ocrx_word' id='word_1_59' title='bbox 505 585 671 622; x_wconf 76' lang='lat' dir='ltr'><em>maxime</em></span> <span class='ocrx_word' id='word_1_60' title='bbox 708 579 936 636; x_wconf 68' lang='lat' dir='ltr'><em>uapulat1),</em></span> <span class='ocrx_word' id='word_1_61' title='bbox 980 585 1077 622; x_wconf 82' lang='lat' dir='ltr'><em>illud</em></span> <span class='ocrx_word' id='word_1_62' title='bbox 1119 586 1237 624; x_wconf 79' lang='lat' dir='ltr'><em>nolim</em></span> <span class='ocrx_word' id='word_1_63' title='bbox 1280 587 1531 630; x_wconf 79' lang='lat' dir='ltr'><em>obliviscaris,</em></span> 
     </span>
     <span class='ocr_line' id='line_1_9' title="bbox 186 643 1531 692; baseline 0.002 -12"><span class='ocrx_word' id='word_1_64' title='bbox 186 643 379 691; x_wconf 76' lang='lat' dir='ltr'><em>Veqetium</em></span> <span class='ocrx_word' id='word_1_65' title='bbox 426 645 553 690; x_wconf 71' lang='lat' dir='ltr'><em>ipsum</em></span> <span class='ocrx_word' id='word_1_66' title='bbox 591 655 676 681; x_wconf 86' lang='lat' dir='ltr'><em>cum</em></span> <span class='ocrx_word' id='word_1_67' title='bbox 720 654 805 681; x_wconf 90' lang='lat' dir='ltr'><em>eum</em></span> <span class='ocrx_word' id='word_1_68' title='bbox 849 644 1097 681; x_wconf 69' lang='lat' dir='ltr'><em>conscriberet</em></span> <span class='ocrx_word' id='word_1_69' title='bbox 1139 655 1178 682; x_wconf 88' lang='lat' dir='ltr'><em>se</em></span> <span class='ocrx_word' id='word_1_70' title='bbox 1214 647 1377 682; x_wconf 90' lang='lat' dir='ltr'><em>metuere</em></span> <span class='ocrx_word' id='word_1_71' title='bbox 1413 647 1531 692; x_wconf 71' lang='lat' dir='ltr'><em>siqni-</em></span> 
     </span>
     <span class='ocr_line' id='line_1_10' title="bbox 177 698 1534 756; baseline 0.001 -16"><span class='ocrx_word' id='word_1_72' title='bbox 177 703 326 748; x_wconf 57' lang='lat' dir='ltr'><em>masse,</em></span> <span class='ocrx_word' id='word_1_73' title='bbox 361 714 408 740; x_wconf 85' lang='lat' dir='ltr'><em>ne</em></span> <span class='ocrx_word' id='word_1_74' title='bbox 434 701 683 752; x_wconf 72' lang='lat' dir='ltr'><em>„impolitior</em></span> <span class='ocrx_word' id='word_1_75' title='bbox 712 703 783 739; x_wconf 72' lang='lat' dir='ltr'><em>aut</em></span> <span class='ocrx_word' id='word_1_76' title='bbox 810 700 1039 740; x_wconf 81' lang='lat' dir='ltr'><em>obscurior“</em></span> <span class='ocrx_word' id='word_1_77' title='bbox 1072 698 1131 752; x_wconf 74' lang='lat' dir='ltr'><em>(p.</em></span> <span class='ocrx_word' id='word_1_78' title='bbox 1159 704 1226 750; x_wconf 85' lang='lat'><em>38,</em></span> <span class='ocrx_word' id='word_1_79' title='bbox 1255 699 1300 756; x_wconf 83' lang='lat'><em>7)</em></span> <span class='ocrx_word' id='word_1_80' title='bbox 1326 704 1534 742; x_wconf 82' lang='lat' dir='ltr'><em>uideretur.</em></span> 
     </span>
    </p>

    <p class='ocr_par' dir='ltr' id='par_1_3' title="bbox 171 761 1535 1753">
     <span class='ocr_line' id='line_1_11' title="bbox 298 761 1534 810; baseline 0.002 -12"><span class='ocrx_word' id='word_1_81' title='bbox 298 761 409 799; x_wconf 86' lang='lat' dir='ltr'><em>Haec</em></span> <span class='ocrx_word' id='word_1_82' title='bbox 438 762 619 799; x_wconf 76' lang='lat' dir='ltr'><em>haetenus</em></span> <span class='ocrx_word' id='word_1_83' title='bbox 650 761 695 798; x_wconf 86' lang='lat' dir='ltr'><em>de</em></span> <span class='ocrx_word' id='word_1_84' title='bbox 728 761 876 809; x_wconf 78' lang='lat' dir='ltr'><em>Veqetio</em></span> <span class='ocrx_word' id='word_1_85' title='bbox 909 762 1060 808; x_wconf 89' lang='lat' dir='ltr'><em>eiusque</em></span> <span class='ocrx_word' id='word_1_86' title='bbox 1090 763 1249 810; x_wconf 70' lang='lat' dir='ltr'><em>inqenio.</em></span> <span class='ocrx_word' id='word_1_87' title='bbox 1301 762 1534 810; x_wconf 75' lang='lat' dir='ltr'><em>Quibuscum</em></span> 
     </span>
     <span class='ocr_line' id='line_1_12' title="bbox 180 821 1532 868; baseline 0.001 -10"><span class='ocrx_word' id='word_1_88' title='bbox 180 823 266 867; x_wconf 72' lang='lat' dir='ltr'><em>apte</em></span> <span class='ocrx_word' id='word_1_89' title='bbox 298 821 496 858; x_wconf 75' lang='lat' dir='ltr'><em>cohaerent</em></span> <span class='ocrx_word' id='word_1_90' title='bbox 533 832 629 867; x_wconf 90' lang='lat' dir='ltr'><em>quae</em></span> <span class='ocrx_word' id='word_1_91' title='bbox 662 832 797 867; x_wconf 70' lang='lat' dir='ltr'><em>pauca</em></span> <span class='ocrx_word' id='word_1_92' title='bbox 834 832 919 858; x_wconf 88' lang='lat' dir='ltr'><em>cum</em></span> <span class='ocrx_word' id='word_1_93' title='bbox 949 821 995 858; x_wconf 88' lang='lat' dir='ltr'><em>de</em></span> <span class='ocrx_word' id='word_1_94' title='bbox 1027 822 1108 859; x_wconf 87' lang='lat' dir='ltr'><em>eius</em></span> <span class='ocrx_word' id='word_1_95' title='bbox 1139 822 1322 868; x_wconf 71' lang='lat' dir='ltr'><em>epitomae</em></span> <span class='ocrx_word' id='word_1_96' title='bbox 1353 825 1532 868; x_wconf 88' lang='lat' dir='ltr'><em>quattuor</em></span> 
     </span>
     <span class='ocr_line' id='line_1_13' title="bbox 182 879 1530 927; baseline 0.001 -10"><span class='ocrx_word' id='word_1_97' title='bbox 182 880 369 917; x_wconf 77' lang='lat' dir='ltr'><em>librorum</em></span> <span class='ocrx_word' id='word_1_98' title='bbox 401 879 547 917; x_wconf 77' lang='lat' dir='ltr'><em>elencho</em></span> <span class='ocrx_word' id='word_1_99' title='bbox 580 882 659 917; x_wconf 89' lang='lat' dir='ltr'><em>tum</em></span> <span class='ocrx_word' id='word_1_100' title='bbox 691 879 736 916; x_wconf 87' lang='lat' dir='ltr'><em>de</em></span> <span class='ocrx_word' id='word_1_101' title='bbox 768 881 956 926; x_wconf 70' lang='lat' dir='ltr'><em>capitum,</em></span> <span class='ocrx_word' id='word_1_102' title='bbox 989 890 1064 927; x_wconf 74' lang='lat' dir='ltr'><em>per</em></span> <span class='ocrx_word' id='word_1_103' title='bbox 1101 891 1198 927; x_wconf 87' lang='lat' dir='ltr'><em>quae</em></span> <span class='ocrx_word' id='word_1_104' title='bbox 1230 892 1275 917; x_wconf 90' lang='lat' dir='ltr'><em>ea</em></span> <span class='ocrx_word' id='word_1_105' title='bbox 1305 881 1435 918; x_wconf 85' lang='lat' dir='ltr'><em>diuisa</em></span> <span class='ocrx_word' id='word_1_106' title='bbox 1466 883 1530 924; x_wconf 87' lang='lat' dir='ltr'><em>est,</em></span> 
     </span>
     <span class='ocr_line' id='line_1_14' title="bbox 176 938 1533 986; baseline 0.001 -10"><span class='ocrx_word' id='word_1_107' title='bbox 176 939 342 976; x_wconf 75' lang='lat' dir='ltr'><em>rubricis</em></span> <span class='ocrx_word' id='word_1_108' title='bbox 368 939 547 976; x_wconf 86' lang='lat' dir='ltr'><em>addenda</em></span> <span class='ocrx_word' id='word_1_109' title='bbox 571 939 763 977; x_wconf 76' lang='lat' dir='ltr'><em>uidentur.</em></span> <span class='ocrx_word' id='word_1_110' title='bbox 800 938 1018 975; x_wconf 76' lang='lat' dir='ltr'><em>Elencleum</em></span> <span class='ocrx_word' id='word_1_111' title='bbox 1042 939 1192 985; x_wconf 87' lang='lat' dir='ltr'><em>quidem</em></span> <span class='ocrx_word' id='word_1_112' title='bbox 1212 939 1398 977; x_wconf 77' lang='lat' dir='ltr'><em>librorum</em></span> <span class='ocrx_word' id='word_1_113' title='bbox 1417 950 1533 986; x_wconf 89' lang='lat' dir='ltr'><em>aeque</em></span> 
     </span>
     <span class='ocr_line' id='line_1_15' title="bbox 180 998 1532 1040; baseline 0.001 -5"><span class='ocrx_word' id='word_1_114' title='bbox 180 1009 226 1035; x_wconf 91' lang='lat' dir='ltr'><em>ac</em></span> <span class='ocrx_word' id='word_1_115' title='bbox 257 998 435 1036; x_wconf 83' lang='lat' dir='ltr'><em>rubricas</em></span> <span class='ocrx_word' id='word_1_116' title='bbox 464 999 574 1035; x_wconf 80' lang='lat' dir='ltr'><em>uncis</em></span> <span class='ocrx_word' id='word_1_117' title='bbox 604 998 831 1035; x_wconf 78' lang='lat' dir='ltr'><em>inclusimus</em></span> <span class='ocrx_word' id='word_1_118' title='bbox 862 998 969 1040; x_wconf 82' lang='lat' dir='ltr'><em>olim,</em></span> <span class='ocrx_word' id='word_1_119' title='bbox 1009 1009 1112 1035; x_wconf 87' lang='lat' dir='ltr'><em>nunc</em></span> <span class='ocrx_word' id='word_1_120' title='bbox 1142 998 1231 1035; x_wconf 77' lang='lat' dir='ltr'><em>uela</em></span> <span class='ocrx_word' id='word_1_121' title='bbox 1261 1000 1532 1036; x_wconf 71' lang='lat' dir='ltr'><em>contraximus.</em></span> 
     </span>
     <span class='ocr_line' id='line_1_16' title="bbox 178 1056 1535 1105; baseline 0.001 -11"><span class='ocrx_word' id='word_1_122' title='bbox 178 1056 286 1094; x_wconf 90' lang='lat' dir='ltr'><em>Nam</em></span> <span class='ocrx_word' id='word_1_123' title='bbox 324 1057 515 1094; x_wconf 73' lang='lat' dir='ltr'><em>elenchum</em></span> <span class='ocrx_word' id='word_1_124' title='bbox 553 1057 599 1094; x_wconf 88' lang='lat' dir='ltr'><em>ab</em></span> <span class='ocrx_word' id='word_1_125' title='bbox 639 1057 765 1094; x_wconf 83' lang='lat' dir='ltr'><em>eodem</em></span> <span class='ocrx_word' id='word_1_126' title='bbox 806 1058 870 1103; x_wconf 84' lang='lat' dir='ltr'><em>qui</em></span> <span class='ocrx_word' id='word_1_127' title='bbox 906 1057 1070 1094; x_wconf 79' lang='lat' dir='ltr'><em>indicem</em></span> <span class='ocrx_word' id='word_1_128' title='bbox 1107 1058 1219 1094; x_wconf 85' lang='lat' dir='ltr'><em>totius</em></span> <span class='ocrx_word' id='word_1_129' title='bbox 1257 1058 1346 1095; x_wconf 80' lang='lat' dir='ltr'><em>libri</em></span> <span class='ocrx_word' id='word_1_130' title='bbox 1377 1058 1535 1105; x_wconf 81' lang='lat' dir='ltr'><em>confecit</em></span> 
     </span>
     <span class='ocr_line' id='line_1_17' title="bbox 171 1116 1533 1163; baseline 0 -10"><span class='ocrx_word' id='word_1_131' title='bbox 171 1117 390 1163; x_wconf 74' lang='lat' dir='ltr'><em>profectum</em></span> <span class='ocrx_word' id='word_1_132' title='bbox 432 1127 510 1154; x_wconf 90' lang='lat' dir='ltr'><em>esse</em></span> <span class='ocrx_word' id='word_1_133' title='bbox 549 1116 655 1153; x_wconf 70' lang='lat' dir='ltr'><em>baicd</em></span> <span class='ocrx_word' id='word_1_134' title='bbox 695 1116 854 1163; x_wconf 65' lang='lat' dir='ltr'><em>difficile</em></span> <span class='ocrx_word' id='word_1_135' title='bbox 878 1116 1075 1162; x_wconf 69' lang='lat' dir='ltr'><em>finxeris‚·</em></span> <span class='ocrx_word' id='word_1_136' title='bbox 1112 1116 1211 1162; x_wconf 86' lang='lat' dir='ltr'><em>quod</em></span> <span class='ocrx_word' id='word_1_137' title='bbox 1249 1119 1452 1163; x_wconf 88' lang='lat' dir='ltr'><em>utrumque</em></span> <span class='ocrx_word' id='word_1_138' title='bbox 1490 1118 1533 1153; x_wconf 79' lang='lat' dir='ltr'><em>in</em></span> 
     </span>
     <span class='ocr_line' id='line_1_18' title="bbox 188 1174 1532 1223; baseline 0 -11"><span class='ocrx_word' id='word_1_139' title='bbox 188 1174 381 1223; x_wconf 72' lang='lat' dir='ltr'><em>Veqetium</em></span> <span class='ocrx_word' id='word_1_140' title='bbox 417 1176 544 1223; x_wconf 45' lang='lat' dir='ltr'><em>*ipsum</em></span> <span class='ocrx_word' id='word_1_141' title='bbox 586 1175 720 1212; x_wconf 87' lang='lat' dir='ltr'><em>cadere</em></span> <span class='ocrx_word' id='word_1_142' title='bbox 743 1177 884 1222; x_wconf 75' lang='lat' dir='ltr'><em>potest,</em></span> <span class='ocrx_word' id='word_1_143' title='bbox 917 1175 1103 1221; x_wconf 78' lang='lat' dir='ltr'><em>siquidem</em></span> <span class='ocrx_word' id='word_1_144' title='bbox 1128 1177 1333 1221; x_wconf 72' lang='lat' dir='ltr'><em>postquam</em></span> <span class='ocrx_word' id='word_1_145' title='bbox 1363 1175 1532 1222; x_wconf 73' lang='lat' dir='ltr'><em>sinqulos</em></span> 
     </span>
     <span class='ocr_line' id='line_1_19' title="bbox 179 1234 1534 1281; baseline 0.001 -10"><span class='ocrx_word' id='word_1_146' title='bbox 179 1234 296 1272; x_wconf 78' lang='lat' dir='ltr'><em>libros</em></span> <span class='ocrx_word' id='word_1_147' title='bbox 327 1235 492 1272; x_wconf 75' lang='lat' dir='ltr'><em>diuersis</em></span> <span class='ocrx_word' id='word_1_148' title='bbox 529 1235 760 1281; x_wconf 69' lang='lat' dir='ltr'><em>temporibus</em></span> <span class='ocrx_word' id='word_1_149' title='bbox 796 1235 1020 1281; x_wconf 71' lang='lat' dir='ltr'><em>imperatori</em></span> <span class='ocrx_word' id='word_1_150' title='bbox 1057 1245 1125 1271; x_wconf 90' lang='lat' dir='ltr'><em>suo</em></span> <span class='ocrx_word' id='word_1_151' title='bbox 1162 1235 1326 1277; x_wconf 77' lang='lat' dir='ltr'><em>miserit,</em></span> <span class='ocrx_word' id='word_1_152' title='bbox 1366 1234 1534 1272; x_wconf 78' lang='lat' dir='ltr'><em>collectos</em></span> 
     </span>
     <span class='ocr_line' id='line_1_20' title="bbox 179 1293 1532 1340; baseline 0 -10"><span class='ocrx_word' id='word_1_153' title='bbox 179 1304 240 1330; x_wconf 88' lang='lat' dir='ltr'><em>eos</em></span> <span class='ocrx_word' id='word_1_154' title='bbox 283 1295 571 1340; x_wconf 77' lang='lat' dir='ltr'><em>coniunctosque</em></span> <span class='ocrx_word' id='word_1_155' title='bbox 604 1293 753 1340; x_wconf 72' lang='lat' dir='ltr'><em>publici</em></span> <span class='ocrx_word' id='word_1_156' title='bbox 795 1294 892 1330; x_wconf 74' lang='lat' dir='ltr'><em>iuris</em></span> <span class='ocrx_word' id='word_1_157' title='bbox 932 1293 1064 1339; x_wconf 74' lang='lat' dir='ltr'><em>fecisse</em></span> <span class='ocrx_word' id='word_1_158' title='bbox 1093 1294 1322 1340; x_wconf 70' lang='lat' dir='ltr'><em>putaueris;</em></span> <span class='ocrx_word' id='word_1_159' title='bbox 1355 1294 1422 1330; x_wconf 80' lang='lat' dir='ltr'><em>etsi</em></span> <span class='ocrx_word' id='word_1_160' title='bbox 1460 1293 1532 1330; x_wconf 79' lang='lat' dir='ltr'><em>hac</em></span> 
     </span>
     <span class='ocr_line' id='line_1_21' title="bbox 177 1350 1531 1399; baseline 0 -10"><span class='ocrx_word' id='word_1_161' title='bbox 177 1353 222 1389; x_wconf 81' lang='lat' dir='ltr'><em>de</em></span> <span class='ocrx_word' id='word_1_162' title='bbox 262 1363 304 1390; x_wconf 88' lang='lat' dir='ltr'><em>re</em></span> <span class='ocrx_word' id='word_1_163' title='bbox 343 1354 412 1389; x_wconf 66' lang='lat' dir='ltr'><em>uim</em></span> <span class='ocrx_word' id='word_1_164' title='bbox 453 1352 662 1399; x_wconf 77' lang='lat' dir='ltr'><em>quidquam</em></span> <span class='ocrx_word' id='word_1_165' title='bbox 695 1363 772 1399; x_wconf 69' lang='lat' dir='ltr'><em>pro</em></span> <span class='ocrx_word' id='word_1_166' title='bbox 810 1354 906 1389; x_wconf 83' lang='lat' dir='ltr'><em>certo</em></span> <span class='ocrx_word' id='word_1_167' title='bbox 939 1352 1113 1397; x_wconf 70' lang='lat' dir='ltr'><em>definias.</em></span> <span class='ocrx_word' id='word_1_168' title='bbox 1159 1350 1303 1389; x_wconf 86' lang='lat' dir='ltr'><em>Contra</em></span> <span class='ocrx_word' id='word_1_169' title='bbox 1342 1352 1531 1395; x_wconf 86' lang='lat' dir='ltr'><em>rubricas,</em></span> 
     </span>
     <span class='ocr_line' id='line_1_22' title="bbox 179 1410 1532 1458; baseline -0.001 -9"><span class='ocrx_word' id='word_1_170' title='bbox 179 1422 277 1457; x_wconf 84' lang='lat' dir='ltr'><em>quae</em></span> <span class='ocrx_word' id='word_1_171' title='bbox 314 1412 466 1458; x_wconf 76' lang='lat' dir='ltr'><em>quidem</em></span> <span class='ocrx_word' id='word_1_172' title='bbox 503 1412 668 1449; x_wconf 75' lang='lat' dir='ltr'><em>traditae</em></span> <span class='ocrx_word' id='word_1_173' title='bbox 705 1412 799 1454; x_wconf 79' lang='lat' dir='ltr'><em>sint,</em></span> <span class='ocrx_word' id='word_1_174' title='bbox 832 1413 900 1448; x_wconf 91' lang='lat' dir='ltr'><em>aut</em></span> <span class='ocrx_word' id='word_1_175' title='bbox 932 1413 1087 1448; x_wconf 85' lang='lat' dir='ltr'><em>cunetas</em></span> <span class='ocrx_word' id='word_1_176' title='bbox 1119 1413 1187 1448; x_wconf 88' lang='lat' dir='ltr'><em>aut</em></span> <span class='ocrx_word' id='word_1_177' title='bbox 1218 1411 1424 1457; x_wconf 68' lang='lat' dir='ltr'><em>plerasque</em></span> <span class='ocrx_word' id='word_1_178' title='bbox 1464 1410 1532 1448; x_wconf 88' lang='lat' dir='ltr'><em>Ve-</em></span> 
     </span>
     <span class='ocr_line' id='line_1_23' title="bbox 173 1469 1531 1517; baseline 0 -10"><span class='ocrx_word' id='word_1_179' title='bbox 173 1472 270 1517; x_wconf 75' lang='lat' dir='ltr'><em>qetio</em></span> <span class='ocrx_word' id='word_1_180' title='bbox 303 1471 440 1513; x_wconf 77' lang='lat' dir='ltr'><em>deberi,</em></span> <span class='ocrx_word' id='word_1_181' title='bbox 471 1472 549 1507; x_wconf 80' lang='lat' dir='ltr'><em>nisi</em></span> <span class='ocrx_word' id='word_1_182' title='bbox 572 1471 795 1517; x_wconf 70' lang='lat' dir='ltr'><em>palmarem</em></span> <span class='ocrx_word' id='word_1_183' title='bbox 819 1470 941 1513; x_wconf 83' lang='lat' dir='ltr'><em>illum,</em></span> <span class='ocrx_word' id='word_1_184' title='bbox 975 1481 1084 1516; x_wconf 83' lang='lat' dir='ltr'><em>quem</em></span> <span class='ocrx_word' id='word_1_185' title='bbox 1108 1469 1267 1507; x_wconf 81' lang='lat' dir='ltr'><em>Fo‘rster</em></span> <span class='ocrx_word' id='word_1_186' title='bbox 1293 1471 1531 1516; x_wconf 69' lang='lat' dir='ltr'><em>epitomatori</em></span> 
     </span>
     <span class='ocr_line' id='line_1_24' title="bbox 175 1529 1531 1577; baseline 0 -11"><span class='ocrx_word' id='word_1_187' title='bbox 175 1532 304 1567; x_wconf 87' lang='lat' dir='ltr'><em>nostro</em></span> <span class='ocrx_word' id='word_1_188' title='bbox 337 1530 540 1576; x_wconf 70' lang='lat' dir='ltr'><em>opprobrio</em></span> <span class='ocrx_word' id='word_1_189' title='bbox 572 1530 650 1572; x_wconf 84' lang='lat' dir='ltr'><em>dat,</em></span> <span class='ocrx_word' id='word_1_190' title='bbox 684 1529 808 1567; x_wconf 80' lang='lat' dir='ltr'><em>cordis</em></span> <span class='ocrx_word' id='word_1_191' title='bbox 827 1530 1095 1576; x_wconf 70' lang='lat' dir='ltr'><em>praetexuerts</em></span> <span class='ocrx_word' id='word_1_192' title='bbox 1122 1531 1325 1577; x_wconf 71' lang='lat' dir='ltr'><em>stuporem,</em></span> <span class='ocrx_word' id='word_1_193' title='bbox 1350 1530 1417 1566; x_wconf 70' lang='lat' dir='ltr'><em>uix</em></span> <span class='ocrx_word' id='word_1_194' title='bbox 1442 1529 1531 1574; x_wconf 78' lang='lat' dir='ltr'><em>fieri</em></span> 
     </span>
     <span class='ocr_line' id='line_1_25' title="bbox 171 1588 1528 1636; baseline -0.001 -10"><span class='ocrx_word' id='word_1_195' title='bbox 171 1591 292 1636; x_wconf 71' lang='lat' dir='ltr'><em>potest</em></span> <span class='ocrx_word' id='word_1_196' title='bbox 328 1592 371 1626; x_wconf 89' lang='lat' dir='ltr'><em>ut</em></span> <span class='ocrx_word' id='word_1_197' title='bbox 403 1590 581 1635; x_wconf 81' lang='lat' dir='ltr'><em>cuiquam</em></span> <span class='ocrx_word' id='word_1_198' title='bbox 605 1589 765 1636; x_wconf 72' lang='lat' dir='ltr'><em>probes,</em></span> <span class='ocrx_word' id='word_1_199' title='bbox 796 1588 937 1625; x_wconf 87' lang='lat' dir='ltr'><em>nedum</em></span> <span class='ocrx_word' id='word_1_200' title='bbox 969 1588 1168 1626; x_wconf 76' lang='lat' dir='ltr'><em>luculentis</em></span> <span class='ocrx_word' id='word_1_201' title='bbox 1202 1589 1436 1635; x_wconf 60' lang='lat' dir='ltr'><em>argumentis</em></span> <span class='ocrx_word' id='word_1_202' title='bbox 1467 1588 1528 1625; x_wconf 84' lang='lat' dir='ltr'><em>de-</em></span> 
     </span>
     <span class='ocr_line' id='line_1_26' title="bbox 179 1643 1534 1700; baseline -0.001 -15"><span class='ocrx_word' id='word_1_203' title='bbox 179 1649 300 1685; x_wconf 81' lang='lat' dir='ltr'><em>clares</em></span> <span class='ocrx_word' id='word_1_204' title='bbox 312 1643 357 1700; x_wconf 73' lang='grc'><em>2).</em></span> <span class='ocrx_word' id='word_1_205' title='bbox 409 1647 526 1691; x_wconf 83' lang='lat' dir='ltr'><em>Nam,</em></span> <span class='ocrx_word' id='word_1_206' title='bbox 558 1650 600 1685; x_wconf 91' lang='lat' dir='ltr'><em>ut</em></span> <span class='ocrx_word' id='word_1_207' title='bbox 631 1648 778 1685; x_wconf 75' lang='lat' dir='ltr'><em>silentio</em></span> <span class='ocrx_word' id='word_1_208' title='bbox 802 1649 1094 1694; x_wconf 70' lang='lat' dir='ltr'><em>praetereamus</em></span> <span class='ocrx_word' id='word_1_209' title='bbox 1126 1647 1149 1684; x_wconf 81' lang='lat' dir='ltr'><em>l.</em></span> <span class='ocrx_word' id='word_1_210' title='bbox 1175 1647 1205 1684; x_wconf 90' lang='grc' dir='ltr'><em>Ι</em></span> <span class='ocrx_word' id='word_1_211' title='bbox 1232 1658 1261 1684; x_wconf 80' lang='lat' dir='ltr'><em>c.</em></span> <span class='ocrx_word' id='word_1_212' title='bbox 1289 1647 1342 1684; x_wconf 84' lang='lat'><em>28</em></span> <span class='ocrx_word' id='word_1_213' title='bbox 1372 1649 1404 1684; x_wconf 91' lang='lat' dir='ltr'><em>et</em></span> <span class='ocrx_word' id='word_1_214' title='bbox 1428 1647 1451 1684; x_wconf 78' lang='lat' dir='ltr'><em>Z.</em></span> <span class='ocrx_word' id='word_1_215' title='bbox 1477 1646 1534 1683; x_wconf 89' lang='lat' dir='ltr'><em>II</em></span> 
     </span>
     <span class='ocr_line' id='line_1_27' title="bbox 175 1706 1530 1753; baseline -0.001 -9"><span class='ocrx_word' id='word_1_216' title='bbox 175 1718 202 1744; x_wconf 78' lang='lat' dir='ltr'><em>c.</em></span> <span class='ocrx_word' id='word_1_217' title='bbox 243 1708 294 1744; x_wconf 86' lang='lat'><em>18</em></span> <span class='ocrx_word' id='word_1_218' title='bbox 339 1708 534 1750; x_wconf 81' lang='lat' dir='ltr'><em>rubricas,</em></span> <span class='ocrx_word' id='word_1_219' title='bbox 576 1718 672 1753; x_wconf 87' lang='lat' dir='ltr'><em>quas</em></span> <span class='ocrx_word' id='word_1_220' title='bbox 712 1710 754 1743; x_wconf 88' lang='lat' dir='ltr'><em>ut</em></span> <span class='ocrx_word' id='word_1_221' title='bbox 797 1707 966 1743; x_wconf 76' lang='lat' dir='ltr'><em>omnium</em></span> <span class='ocrx_word' id='word_1_222' title='bbox 1007 1706 1310 1744; x_wconf 81' lang='lat' dir='ltr'><em>absurdissimas</em></span> <span class='ocrx_word' id='word_1_223' title='bbox 1354 1717 1379 1743; x_wconf 87' lang='lat' dir='ltr'><em>a</em></span> <span class='ocrx_word' id='word_1_224' title='bbox 1421 1706 1530 1743; x_wconf 86' lang='lat' dir='ltr'><em>nobis</em></span> 
     </span>
    </p>
   </div>
   <div class='ocr_carea' id='block_1_3' title="bbox 172 1853 1529 2419">
    <p class='ocr_par' dir='ltr' id='par_1_4' title="bbox 172 1853 1529 2373">
     <span class='ocr_line' id='line_1_28' title="bbox 271 1853 1529 1899; baseline -0.002 -11"><span class='ocrx_word' id='word_1_225' title='bbox 271 1856 304 1898; x_wconf 90' lang='lat'><em>1)</em></span> <span class='ocrx_word' id='word_1_226' title='bbox 337 1854 488 1889; x_wconf 82' lang='lat' dir='ltr'><em>Fo&#39;rster</em></span> <span class='ocrx_word' id='word_1_227' title='bbox 514 1855 536 1889; x_wconf 75' lang='lat'><em>7.</em></span> <span class='ocrx_word' id='word_1_228' title='bbox 563 1855 586 1890; x_wconf 87' lang='lat' dir='ltr'><em>Z.</em></span> <span class='ocrx_word' id='word_1_229' title='bbox 607 1865 645 1899; x_wconf 75' lang='lat'><em>10.</em></span> <span class='ocrx_word' id='word_1_230' title='bbox 674 1857 694 1888; x_wconf 84' lang='lat'>2</span> <span class='ocrx_word' id='word_1_231' title='bbox 728 1854 835 1888; x_wconf 88' lang='lat' dir='ltr'><em>etiam</em></span> <span class='ocrx_word' id='word_1_232' title='bbox 866 1854 1107 1897; x_wconf 60' lang='lat' dir='ltr'><em>neglegentiae</em></span> <span class='ocrx_word' id='word_1_233' title='bbox 1139 1856 1171 1887; x_wconf 90' lang='lat' dir='ltr'><em>et</em></span> <span class='ocrx_word' id='word_1_234' title='bbox 1201 1853 1367 1887; x_wconf 86' lang='lat' dir='ltr'><em>incuriae</em></span> <span class='ocrx_word' id='word_1_235' title='bbox 1405 1855 1529 1887; x_wconf 81' lang='lat' dir='ltr'><em>tantae</em></span> 
     </span>
     <span class='ocr_line' id='line_1_29' title="bbox 172 1900 1526 1946; baseline -0.003 -9"><span class='ocrx_word' id='word_1_236' title='bbox 172 1903 240 1937; x_wconf 73' lang='lat' dir='ltr'><em>uix</em></span> <span class='ocrx_word' id='word_1_237' title='bbox 266 1906 308 1937; x_wconf 82' lang='lat' dir='ltr'><em>ut</em></span> <span class='ocrx_word' id='word_1_238' title='bbox 333 1903 431 1937; x_wconf 81' lang='lat' dir='ltr'><em>credi</em></span> <span class='ocrx_word' id='word_1_239' title='bbox 450 1902 568 1946; x_wconf 75' lang='lat' dir='ltr'><em>possit</em></span> <span class='ocrx_word' id='word_1_240' title='bbox 601 1901 786 1946; x_wconf 73' lang='lat' dir='ltr'><em>Veqetium</em></span> <span class='ocrx_word' id='word_1_241' title='bbox 811 1901 959 1946; x_wconf 76' lang='lat' dir='ltr'><em>arquit‚·</em></span> <span class='ocrx_word' id='word_1_242' title='bbox 986 1901 1081 1944; x_wconf 85' lang='lat' dir='ltr'><em>quod</em></span> <span class='ocrx_word' id='word_1_243' title='bbox 1106 1901 1190 1936; x_wconf 87' lang='lat' dir='ltr'><em>item</em></span> <span class='ocrx_word' id='word_1_244' title='bbox 1215 1901 1315 1934; x_wconf 83' lang='lat' dir='ltr'><em>ultra</em></span> <span class='ocrx_word' id='word_1_245' title='bbox 1339 1900 1418 1934; x_wconf 80' lang='lat' dir='ltr'><em>ueri</em></span> <span class='ocrx_word' id='word_1_246' title='bbox 1442 1910 1526 1934; x_wconf 86' lang='lat' dir='ltr'><em>nor-</em></span> 
     </span>
     <span class='ocr_line' id='line_1_30' title="bbox 174 1947 1529 1991; baseline -0.002 -7"><span class='ocrx_word' id='word_1_247' title='bbox 174 1961 269 1984; x_wconf 86' lang='lat' dir='ltr'><em>mam</em></span> <span class='ocrx_word' id='word_1_248' title='bbox 307 1950 456 1984; x_wconf 85' lang='lat' dir='ltr'><em>uidetur</em></span> <span class='ocrx_word' id='word_1_249' title='bbox 480 1949 582 1983; x_wconf 86' lang='lat' dir='ltr'><em>homo</em></span> <span class='ocrx_word' id='word_1_250' title='bbox 608 1950 842 1984; x_wconf 83' lang='lat' dir='ltr'><em>acutissimus</em></span> <span class='ocrx_word' id='word_1_251' title='bbox 874 1948 1091 1990; x_wconf 72' lang='lat' dir='ltr'><em>eaetendisse;</em></span> <span class='ocrx_word' id='word_1_252' title='bbox 1131 1951 1221 1983; x_wconf 86' lang='lat' dir='ltr'><em>certe</em></span> <span class='ocrx_word' id='word_1_253' title='bbox 1252 1957 1343 1991; x_wconf 85' lang='lat' dir='ltr'><em>quae</em></span> <span class='ocrx_word' id='word_1_254' title='bbox 1368 1947 1529 1991; x_wconf 77' lang='lat' dir='ltr'><em>eoeempla</em></span> 
     </span>
     <span class='ocr_line' id='line_1_31' title="bbox 174 1993 1528 2041; baseline -0.002 -10"><span class='ocrx_word' id='word_1_255' title='bbox 174 1998 292 2041; x_wconf 80' lang='lat' dir='ltr'><em>offert,</em></span> <span class='ocrx_word' id='word_1_256' title='bbox 318 2008 359 2031; x_wconf 91' lang='lat' dir='ltr'><em>ea</em></span> <span class='ocrx_word' id='word_1_257' title='bbox 384 1997 486 2031; x_wconf 83' lang='lat' dir='ltr'><em>haud</em></span> <span class='ocrx_word' id='word_1_258' title='bbox 510 1997 564 2031; x_wconf 84' lang='lat' dir='ltr'><em>ita</em></span> <span class='ocrx_word' id='word_1_259' title='bbox 589 1997 725 2041; x_wconf 77' lang='lat' dir='ltr'><em>qrauia</em></span> <span class='ocrx_word' id='word_1_260' title='bbox 757 1996 955 2030; x_wconf 82' lang='lat' dir='ltr'><em>arbitreris.</em></span> <span class='ocrx_word' id='word_1_261' title='bbox 1008 1995 1107 2030; x_wconf 88' lang='lat' dir='ltr'><em>Nam</em></span> <span class='ocrx_word' id='word_1_262' title='bbox 1134 2006 1171 2030; x_wconf 81' lang='lat' dir='ltr'><em>re</em></span> <span class='ocrx_word' id='word_1_263' title='bbox 1196 2005 1285 2029; x_wconf 85' lang='lat' dir='ltr'><em>uera</em></span> <span class='ocrx_word' id='word_1_264' title='bbox 1309 1993 1390 2027; x_wconf 87' lang='lat' dir='ltr'><em>III</em></span> <span class='ocrx_word' id='word_1_265' title='bbox 1411 1997 1432 2029; x_wconf 88' lang='lat'>8</span> <span class='ocrx_word' id='word_1_266' title='bbox 1457 1997 1528 2028; x_wconf 90' lang='lat' dir='ltr'><em>tres</em></span> 
     </span>
     <span class='ocr_line' id='line_1_32' title="bbox 174 2041 1528 2088; baseline -0.003 -10"><span class='ocrx_word' id='word_1_267' title='bbox 174 2045 272 2080; x_wconf 78' lang='lat' dir='ltr'><em>modi</em></span> <span class='ocrx_word' id='word_1_268' title='bbox 309 2048 430 2079; x_wconf 82' lang='lat' dir='ltr'><em>castra</em></span> <span class='ocrx_word' id='word_1_269' title='bbox 467 2044 657 2078; x_wconf 82' lang='lat' dir='ltr'><em>muniendi</em></span> <span class='ocrx_word' id='word_1_270' title='bbox 693 2046 970 2087; x_wconf 81' lang='lat' dir='ltr'><em>enumerantur,</em></span> <span class='ocrx_word' id='word_1_271' title='bbox 1003 2053 1154 2088; x_wconf 83' lang='lat' dir='ltr'><em>quorum</em></span> <span class='ocrx_word' id='word_1_272' title='bbox 1192 2042 1264 2077; x_wconf 87' lang='lat' dir='ltr'><em>duo</em></span> <span class='ocrx_word' id='word_1_273' title='bbox 1304 2043 1396 2085; x_wconf 92' lang='lat' dir='ltr'><em>(aut</em></span> <span class='ocrx_word' id='word_1_274' title='bbox 1433 2041 1528 2075; x_wconf 85' lang='lat' dir='ltr'><em>enim</em></span> 
     </span>
     <span class='ocr_line' id='line_1_33' title="bbox 175 2087 1527 2136; baseline -0.002 -10"><span class='ocrx_word' id='word_1_275' title='bbox 175 2093 393 2136; x_wconf 73' lang='lat' dir='ltr'><em>caespitibus</em></span> <span class='ocrx_word' id='word_1_276' title='bbox 419 2095 495 2126; x_wconf 88' lang='lat' dir='ltr'><em>aut</em></span> <span class='ocrx_word' id='word_1_277' title='bbox 519 2092 621 2134; x_wconf 82' lang='lat' dir='ltr'><em>fossa</em></span> <span class='ocrx_word' id='word_1_278' title='bbox 640 2094 672 2125; x_wconf 90' lang='lat' dir='ltr'><em>et</em></span> <span class='ocrx_word' id='word_1_279' title='bbox 697 2101 824 2135; x_wconf 74' lang='lat' dir='ltr'><em>ayqere</em></span> <span class='ocrx_word' id='word_1_280' title='bbox 850 2101 877 2125; x_wconf 86' lang='lat' dir='ltr'><em>c.</em></span> <span class='ocrx_word' id='word_1_281' title='bbox 897 2091 1037 2125; x_wconf 83' lang='lat' dir='ltr'><em>muniri</em></span> <span class='ocrx_word' id='word_1_282' title='bbox 1063 2100 1100 2124; x_wconf 90' lang='lat' dir='ltr'><em>eo</em></span> <span class='ocrx_word' id='word_1_283' title='bbox 1127 2090 1201 2125; x_wconf 84' lang='lat' dir='ltr'><em>loco</em></span> <span class='ocrx_word' id='word_1_284' title='bbox 1227 2089 1403 2133; x_wconf 73' lang='lat' dir='ltr'><em>disceptat</em></span> <span class='ocrx_word' id='word_1_285' title='bbox 1430 2087 1527 2132; x_wconf 71' lang='lat' dir='ltr'><em>Vey.)</em></span> 
     </span>
     <span class='ocr_line' id='line_1_34' title="bbox 174 2135 1524 2183; baseline -0.004 -9"><span class='ocrx_word' id='word_1_286' title='bbox 174 2140 223 2174; x_wconf 83' lang='lat' dir='ltr'><em>ad</em></span> <span class='ocrx_word' id='word_1_287' title='bbox 260 2140 382 2174; x_wconf 80' lang='lat' dir='ltr'><em>leuem</em></span> <span class='ocrx_word' id='word_1_288' title='bbox 420 2137 726 2183; x_wconf 71' lang='lat' dir='ltr'><em>occupationem,</em></span> <span class='ocrx_word' id='word_1_289' title='bbox 765 2138 892 2173; x_wconf 87' lang='lat' dir='ltr'><em>tertius</em></span> <span class='ocrx_word' id='word_1_290' title='bbox 929 2138 978 2172; x_wconf 79' lang='lat' dir='ltr'><em>ad</em></span> <span class='ocrx_word' id='word_1_291' title='bbox 1019 2136 1156 2172; x_wconf 71' lang='lat' dir='ltr'><em>statiua</em></span> <span class='ocrx_word' id='word_1_292' title='bbox 1199 2137 1322 2170; x_wconf 74' lang='lat' dir='ltr'><em>eastra</em></span> <span class='ocrx_word' id='word_1_293' title='bbox 1358 2135 1524 2180; x_wconf 78' lang='lat' dir='ltr'><em>pertinet.</em></span> 
     </span>
     <span class='ocr_line' id='line_1_35' title="bbox 176 2181 1527 2232; baseline -0.004 -11"><span class='ocrx_word' id='word_1_294' title='bbox 176 2187 228 2221; x_wconf 83' lang='lat' dir='ltr'><em>In</em></span> <span class='ocrx_word' id='word_1_295' title='bbox 268 2187 342 2221; x_wconf 80' lang='lat' dir='ltr'><em>Ioco</em></span> <span class='ocrx_word' id='word_1_296' title='bbox 380 2189 498 2221; x_wconf 87' lang='lat' dir='ltr'><em>autem</em></span> <span class='ocrx_word' id='word_1_297' title='bbox 533 2184 753 2232; x_wconf 79' lang='grc' dir='ltr'><em>παραλλήλῳ</em></span> <span class='ocrx_word' id='word_1_298' title='bbox 787 2196 888 2230; x_wconf 87' lang='lat' dir='ltr'><em>quem</em></span> <span class='ocrx_word' id='word_1_299' title='bbox 918 2185 1024 2220; x_wconf 81' lang='lat' dir='ltr'><em>habes</em></span> <span class='ocrx_word' id='word_1_300' title='bbox 1050 2184 1106 2218; x_wconf 88' lang='lat' dir='ltr'><em>II</em></span> <span class='ocrx_word' id='word_1_301' title='bbox 1130 2187 1191 2227; x_wconf 79' lang='lat'><em>23,</em></span> <span class='ocrx_word' id='word_1_302' title='bbox 1231 2195 1254 2217; x_wconf 94' lang='lat' dir='ltr'><em>a</em></span> <span class='ocrx_word' id='word_1_303' title='bbox 1293 2181 1429 2217; x_wconf 81' lang='lat' dir='ltr'><em>deinde</em></span> <span class='ocrx_word' id='word_1_304' title='bbox 1456 2183 1527 2226; x_wconf 83' lang='lat'>(26,</span> 
     </span>
     <span class='ocr_line' id='line_1_36' title="bbox 178 2230 1528 2278; baseline -0.004 -10"><span class='ocrx_word' id='word_1_305' title='bbox 178 2235 235 2278; x_wconf 87' lang='grc'><em>13)</em></span> <span class='ocrx_word' id='word_1_306' title='bbox 269 2234 370 2268; x_wconf 82' lang='lat' dir='ltr'><em>haud</em></span> <span class='ocrx_word' id='word_1_307' title='bbox 404 2244 491 2268; x_wconf 82' lang='lat' dir='ltr'><em>sane</em></span> <span class='ocrx_word' id='word_1_308' title='bbox 525 2234 706 2268; x_wconf 82' lang='lat' dir='ltr'><em>subtiliter</em></span> <span class='ocrx_word' id='word_1_309' title='bbox 738 2236 770 2267; x_wconf 79' lang='lat' dir='ltr'><em>et</em></span> <span class='ocrx_word' id='word_1_310' title='bbox 805 2233 982 2274; x_wconf 64' lang='lat' dir='ltr'><em>elenanter</em></span> <span class='ocrx_word' id='word_1_311' title='bbox 1019 2232 1133 2266; x_wconf 78' lang='lat' dir='ltr'><em>altera</em></span> <span class='ocrx_word' id='word_1_312' title='bbox 1165 2231 1277 2265; x_wconf 76' lang='lat' dir='ltr'><em>unius</em></span> <span class='ocrx_word' id='word_1_313' title='bbox 1311 2230 1528 2264; x_wconf 79' lang='lat' dir='ltr'><em>munitionis</em></span> 
     </span>
     <span class='ocr_line' id='line_1_37' title="bbox 175 2277 1526 2325; baseline -0.004 -9"><span class='ocrx_word' id='word_1_314' title='bbox 175 2282 369 2325; x_wconf 76' lang='lat' dir='ltr'><em>descriptio</em></span> <span class='ocrx_word' id='word_1_315' title='bbox 394 2282 547 2325; x_wconf 77' lang='lat' dir='ltr'><em>incipit,-</em></span> <span class='ocrx_word' id='word_1_316' title='bbox 572 2281 632 2315; x_wconf 85' lang='lat' dir='ltr'><em>sed</em></span> <span class='ocrx_word' id='word_1_317' title='bbox 657 2283 748 2315; x_wconf 88' lang='lat' dir='ltr'><em>reete</em></span> <span class='ocrx_word' id='word_1_318' title='bbox 766 2279 813 2314; x_wconf 83' lang='lat' dir='ltr'><em>R.</em></span> <span class='ocrx_word' id='word_1_319' title='bbox 833 2279 887 2315; x_wconf 88' lang='lat' dir='ltr'><em>M.</em></span> <span class='ocrx_word' id='word_1_320' title='bbox 913 2280 1029 2314; x_wconf 87' lang='lat' dir='ltr'><em>suasit</em></span> <span class='ocrx_word' id='word_1_321' title='bbox 1048 2282 1089 2313; x_wconf 90' lang='lat' dir='ltr'><em>ut</em></span> <span class='ocrx_word' id='word_1_322' title='bbox 1115 2277 1372 2323; x_wconf 73' lang='lat' dir='ltr'><em>‚,triplexque‘⁴</em></span> <span class='ocrx_word' id='word_1_323' title='bbox 1398 2279 1468 2321; x_wconf 81' lang='lat'>(26,</span> <span class='ocrx_word' id='word_1_324' title='bbox 1492 2279 1526 2321; x_wconf 88' lang='lat'><em>9)</em></span> 
     </span>
     <span class='ocr_line' id='line_1_38' title="bbox 175 2330 448 2373; baseline -0.004 -10"><span class='ocrx_word' id='word_1_325' title='bbox 175 2330 448 2373; x_wconf 75' lang='lat' dir='ltr'><em>exstirparetur.</em></span> 
     </span>
    </p>

    <p class='ocr_par' dir='ltr' id='par_1_5' title="bbox 270 2370 1525 2419">
     <span class='ocr_line' id='line_1_39' title="bbox 270 2370 1525 2419; baseline -0.006 -9"><span class='ocrx_word' id='word_1_326' title='bbox 270 2380 305 2415; x_wconf 81' lang='lat'><em>2)</em></span> <span class='ocrx_word' id='word_1_327' title='bbox 340 2375 393 2417; x_wconf 76' lang='lat' dir='ltr'><em>Of.</em></span> <span class='ocrx_word' id='word_1_328' title='bbox 430 2375 734 2419; x_wconf 77' lang='lat' dir='ltr'><em>Franeoqallicae</em></span> <span class='ocrx_word' id='word_1_329' title='bbox 765 2374 944 2409; x_wconf 73' lang='lat' dir='ltr'><em>uersionis</em></span> <span class='ocrx_word' id='word_1_330' title='bbox 976 2384 1067 2418; x_wconf 82' lang='lat' dir='ltr'><em>quae</em></span> <span class='ocrx_word' id='word_1_331' title='bbox 1099 2373 1151 2408; x_wconf 79' lang='lat' dir='ltr'><em>ed.</em></span> <span class='ocrx_word' id='word_1_332' title='bbox 1185 2384 1217 2407; x_wconf 90' lang='lat' dir='ltr'><em>a.</em></span> <span class='ocrx_word' id='word_1_333' title='bbox 1248 2375 1336 2407; x_wconf 82' lang='grc'><em>1767</em></span> <span class='ocrx_word' id='word_1_334' title='bbox 1370 2370 1525 2406; x_wconf 80' lang='lat' dir='ltr'><em>Sehweb.</em></span> 
     </span>
    </p>
   </div>
  </div>
 </body>
</html>
