1638 2620
648 88 729 124 Lib.
755 89 817 133 111,
847 92 900 124 14.
1389 90 1444 132 97

98 191 202 228 acies
241 189 489 239 ordinantur,
529 189 644 226 etiam
683 189 858 239 imperiti
895 189 1021 227 uitare
1061 187 1204 240 solent,
1244 188 1312 226 sed
1354 188 1446 228 duci

97 248 264 300 prouido
292 247 511 286 cauendum
539 253 599 285 est
624 248 663 285 in
691 248 888 298 futurum,
914 259 962 285 ne
990 252 1080 298 post
1104 247 1307 298 paululum
1335 259 1446 286 acce-

96 307 214 346 dente
241 307 302 346 die
329 311 469 344 noceat
499 305 591 344 solis
624 312 772 345 mutata
799 307 1026 358 conuersio,
1054 318 1103 344 ne
1129 311 1274 345 uentus
1305 306 1444 345 aduer-

97 379 164 405 sus
190 366 286 404 hora
313 365 425 404 solita
451 377 497 403 eo
524 370 722 416 pugnante
749 372 944 404 nascatur.
994 364 1050 403 Ita
1077 377 1170 416 ergo
1197 367 1441 404 constituan-

94 430 161 463 tur
193 424 368 476 ordines,
401 428 445 462 ut
475 423 571 461 haec
603 429 692 474 post
724 425 953 474 occipitium
992 430 1171 462 nostrum
1211 426 1289 462 sint
1321 430 1375 475 et,
1410 426 1443 463 si
1463 437 1479 462 5

93 488 225 534 potest
244 484 347 535 fieri,
374 483 693 521 aduersariorum
714 484 904 533 impetant
924 483 1074 521 faciem.
1091 505 1146 509 —
1161 483 1276 521 Acies
1298 483 1442 522 dicitur

93 544 292 580 exercitus
324 543 556 593 instructus,
588 541 696 579 frons
729 553 828 591 quae
860 541 1071 580 aduersum
1098 542 1252 580 hostem
1280 548 1442 593 spectat.

93 600 198 639 Haec
231 603 270 639 in
302 613 432 652 pugna
464 600 637 652 publica7
670 601 704 638 si
736 601 934 651 sapienter
960 600 1200 651 disponitur,
1227 601 1441 651 plurimum

92 661 220 711 iuuat,
242 661 275 698 si
294 661 479 710 inperite,
507 660 687 709 quamuis
708 660 844 710 optimi
871 658 1079 698 bellatores
1101 661 1195 711 sint,
1217 660 1315 698 mala
1337 660 1440 698 ordi-

93 720 251 757 natione
278 719 524 769 franguntur.
569 718 845 756 Instructionis
872 717 934 756 lex
960 724 1031 769 est,
1058 725 1101 757 ut
1122 720 1161 756 in
1181 720 1308 768 primo
1331 731 1440 758 exer·
1461 733 1494 757 10

92 779 199 816 citati
232 784 271 816 et
302 783 459 816 ueteres
492 776 636 815 milites
669 777 943 828 conlocentur,
970 789 1069 827 quos
1096 783 1209 816 antea
1239 779 1440 829 principes

91 835 302 888 uocabant,
339 837 379 874 in
413 836 585 874 secundo
619 835 755 874 ordine
790 835 1023 874 circumdati
1061 836 1283 874 catafractis
1323 839 1438 888 sagit-

90 896 180 933 tarii
213 901 250 934 et
283 896 420 946 optimi
452 895 595 933 milites
622 907 713 933 cum
739 894 902 945 spiculis
932 894 995 933 uel
1021 894 1165 933 lanceis
1193 895 1438 948 ordinentur,

90 966 190 1004 quos
229 955 340 1005 prius
378 954 550 992 hastatos
589 953 794 992 uocabant.
862 953 1014 1004 Singuli
1052 960 1182 992 autem
1222 956 1361 993 armati
1399 956 1439 992 in

91 1013 287 1052 directum
313 1019 448 1051 ternos
475 1013 595 1063 pedes
621 1014 725 1051 inter
752 1025 792 1051 se
821 1025 1014 1063 occupare
1036 1019 1343 1064 censuerim-unt,
1364 1014 1437 1052 hoc
1459 1027 1492 1053 15

90 1077 167 1123 est,
200 1073 238 1110 in
271 1071 375 1110 mille
408 1072 589 1123 passibus
622 1072 725 1110 mille
760 1073 930 1110 sescenti
963 1073 1163 1122 sexaginta
1191 1084 1256 1110 sex
1285 1072 1438 1123 pedites

89 1131 320 1169 ordinantur
353 1132 392 1169 in
424 1131 601 1182 longum,
635 1136 678 1169 ut
710 1143 782 1169 nec
813 1132 916 1169 acies
943 1131 1177 1169 interluceat
1203 1136 1242 1169 et
1268 1133 1438 1182 spatium

89 1191 139 1228 sit
159 1202 266 1228 arma
286 1191 496 1242 tractandi3
529 1192 632 1229 inter
653 1190 828 1228 ordinem
851 1195 982 1228 autem
1009 1195 1048 1228 et
1074 1190 1250 1228 ordinem
1280 1203 1297 1227 a
1326 1195 1436 1241 tergo

87 1249 129 1287 in
149 1248 269 1287 latum
291 1261 357 1287 sex
378 1249 500 1299 pedes
521 1249 665 1288 distare
687 1249 916 1300 uoluerunt,
941 1254 985 1287 ut
1005 1248 1196 1287 haberent
1216 1255 1436 1299 pugnantes

87 1309 256 1358 spatium
284 1308 496 1346 accedendi
516 1313 632 1359 atque
654 1308 882 1360 recedendi3
916 1307 1190 1346 uehementius
1218 1310 1323 1346 enin]
1346 1321 1434 1347 Cum
1458 1326 1490 1350 20

88 1366 186 1405 saltu
222 1379 422 1417 cursuque
450 1367 524 1405 tela
552 1369 774 1406 mittuntur.
826 1366 870 1405 In
899 1367 958 1405 his
986 1366 1140 1405 duobus
1166 1367 1371 1406 ordinibus
1399 1375 1437 1407 et

110 1457 153 1492 V.
182 1457 219 1491 L.
296 1461 315 1491 2
343 1456 562 1492 abscedente
590 1456 666 1491 Ser.
755 1461 774 1490 3
802 1467 847 1490 ne
874 1456 935 1491 Gn
962 1460 984 1490 ᾖ
1012 1457 1045 1490 A
1079 1467 1152 1490 non
1180 1458 1228 1491 M
1254 1457 1320 1502 [n]
1346 1460 1364 1491 λ

86 1508 108 1537 4
136 1504 364 1539 constituunt
384 1517 398 1538 ε
463 1508 483 1539 5
511 1504 714 1538 nostrorum
736 1506 774 1537 H
829 1504 851 1537 s.
878 1503 901 1539 f.
930 1516 964 1548 p.
992 1504 1102 1548 uuZyo
1174 1508 1194 1538 6
1220 1504 1330 1538 Acies
1347 1504 1435 1539 dici-

85 1575 146 1608 tur
179 1574 235 1608 εΡ
268 1575 481 1609 accenditur
514 1577 552 1609 H
593 1574 693 1609 acies
720 1575 886 1619 dirigunt
918 1559 1097 1618 (dirig{nt
1128 1575 1179 1618 D)
1209 1576 1230 1608 ὃ
1335 1579 1353 1609 7
1382 1575 1435 1609 in—

86 1621 214 1656 structi
239 1619 276 1655 π’
339 1622 449 1667 quae]
478 1633 645 1666 quaeque
667 1623 689 1656 δ
763 1622 937 1656 aduersus
955 1623 1014 1656 λΡ
1085 1623 1258 1666 expectat:
1285 1621 1364 1667 Gla

86 1672 106 1703 9
132 1669 238 1703 iuuat
258 1670 308 1713 μδ
332 1669 437 1704 iubat
455 1669 492 1704 A
517 1669 647 1703 usi-suat
666 1669 700 1703 G
772 1669 879 1703 uuiat
901 1670 936 1702 P
959 1669 1090 1704 innuat
1109 1671 1149 1703 H
1218 1668 1385 1712 inpedite
1411 1683 1435 1703 α

159 1720 201 1750 10
222 1716 489 1761 instructionis]
510 1716 756 1751 institutionis
766 1719 803 1750 H
883 1717 921 1750 in
943 1716 1063 1761 primo
1085 1718 1147 1750 om*
1170 1716 1241 1762 [in]
1262 1716 1381 1761 primo
1406 1717 1434 1761 Q

84 1762 195 1807 primi
215 1763 250 1797 L
275 1764 313 1797 in
338 1763 458 1808 primo
486 1763 665 1798 ordineP
738 1768 777 1798 11
809 1763 1082 1809 [con]locentur
1103 1766 1141 1797 H
1215 1767 1256 1797 13
1284 1764 1337 1809 et]
1368 1775 1435 1798 nec

83 1821 158 1844 non
183 1812 294 1855 ‘evulgo
382 1814 423 1844 15
451 1811 670 1845 consuerunt
695 1812 784 1855 μόΡ
873 1816 914 1845 16
942 1812 994 1845 In
1021 1813 1058 1845 H
1081 1811 1120 1845 in
1145 1810 1248 1845 mille
1274 1810 1439 1855 passibus

84 1858 187 1892 mille
213 1869 317 1893 erasa
342 1863 439 1900 sunt,
464 1859 505 1893 in
531 1870 682 1902 quorum
703 1860 777 1893 loco
796 1860 994 1893 substituta
1015 1860 1183 1904 Zeyzcntw·
1208 1859 1251 1892 ab
1279 1860 1433 1903 mztiqua

83 1916 196 1939 manu·
218 1905 270 1939 ‘in
292 1906 467 1949 quattuor
486 1906 591 1940 milia
610 1906 820 1951 nungentos
841 1906 1046 1950 nonaginta
1072 1907 1153 1940 octo
1175 1905 1288 1949 pedes
1295 1906 1304 1921 ²
1333 1907 1433 1947 (inde

83 1964 107 1986 a
127 1952 259 1997 gentos
274 1953 315 1988 in
334 1954 438 1989 inter.
455 1956 585 1998 marg.)
601 1954 893 1998 adscriptumque
913 1957 963 1987 est
980 1953 1112 1987 ‘mille’
1130 1955 1290 1997 sequenti
1309 1955 1434 1988 ueram

82 2024 123 2057 in
143 2034 256 2068 marg).
277 2027 384 2059 exter.
434 2024 614 2069 passibus]
636 2024 760 2068 passus
774 2024 844 2058 VP
858 2023 924 2069 ΡΙ)
974 2024 1124 2058 sescenti
1144 2024 1189 2058 A'
1212 2005 1364 2058 sescenti
1390 2025 1439 2058 M

85 2070 245 2105 sexcenti
271 2071 366 2105 zPH
388 2070 567 2106 sexcentis
589 2076 609 2105 θ’
710 2076 750 2106 17
778 2072 834 2117 ut]
862 2072 917 2106 ita
942 2074 983 2105 ut
1010 2074 1047 2105 H
1131 2082 1176 2105 ne
1203 2071 1303 2105 acies
1328 2072 1363 2105 P

84 2121 127 2151 21
155 2118 372 2162 incursuque
397 2131 424 2152 π

109 2187 142 2222 S.
170 2187 207 2222 L.
289 2193 305 2222 1
333 2188 486 2234 inperiti
512 2203 537 2234 μ
635 2193 654 2223 3
682 2190 829 2235 noceat]
857 2191 964 2224 nocte
992 2202 1015 2233 μ
1113 2193 1134 2223 4
1160 2189 1268 2234 hora]
1298 2201 1361 2224 ora
1387 2190 1437 2224 M

179 2239 198 2270 6
225 2236 423 2282 impetant]
451 2237 639 2281 imperant
664 2238 711 2282 Α1
803 2241 822 2271 9
850 2237 1020 2280 imperite
1047 2239 1086 2270 H
1165 2241 1207 2270 14
1234 2236 1373 2272 astatos
1394 2240 1434 2271 H

181 2286 222 2317 17
248 2283 287 2317 in
311 2284 479 2329 longum]
506 2284 545 2318 111
569 2284 693 2319 locum
721 2297 735 2319 ε
823 2284 986 2329 spacium
1012 2283 1061 2317 M
1138 2287 1180 2318 18
1207 2295 1308 2318 arma
1334 2290 1429 2319 trac-

81 2329 203 2374 tandi]
231 2333 376 2365 armata
401 2331 588 2366 tractandi
617 2333 664 2366 M
758 2335 803 2366 20
830 2331 1046 2376 accedendi]
1076 2331 1269 2366 accidendi
1296 2333 1343 2376 Al

154 2396 327 2421 Vncmms.
1197 2394 1215 2423 7
