1638 2620
662 123 741 158 Lib.
768 122 830 167 ΙΙΙ,
857 127 913 158 26.
1369 123 1452 164 123

225 221 300 267 Qui
330 222 459 260 leuem
492 226 729 260 armaturam
761 222 948 272 optimam
974 223 1086 274 regit,
1119 227 1327 272 utramque
1354 223 1452 261 alam

105 281 231 320 hostis
263 280 421 319 inuadat
453 280 678 319 ferentariis
711 286 799 319 ante
826 281 949 319 aciem
977 282 1214 333 constitutis,
1249 282 1316 332 qui
1339 283 1452 332 quin-

105 346 169 379 tus
202 345 262 379 est
293 339 445 378 modus.

225 398 301 444 Qui
332 410 404 436 nec
437 409 602 436 numero
636 397 803 436 militum
835 410 908 437 nec
940 400 1089 437 uirtute
1123 398 1295 449 confidit,
1329 400 1360 437 si
1388 399 1451 438 de-

103 462 352 509 pugnaturus
391 462 468 509 est,
513 456 559 494 de
602 455 740 495 dextra
784 469 855 496 sua
894 459 1093 496 sinistram
1134 457 1232 496 alam
1277 457 1488 496 hostium5

102 516 236 568 pulset
267 515 431 567 reliquis
465 516 547 553 suis
586 517 782 566 porrectis
821 516 861 554 in
902 516 1200 555 similitudinem
1239 518 1347 567 ueri,
1386 518 1452 567 qui

104 581 240 615 sextus
273 580 332 613 est
363 574 515 613 modus.

223 633 299 679 Qui
324 635 533 684 pauciores
559 634 877 684 infirmioresque
903 633 1049 672 habere
1071 646 1112 672 se
1133 635 1256 686 nouit,
1284 635 1450 685 septimo

102 693 217 731 modo
251 705 298 730 ex
330 705 409 731 uno
442 692 563 731 latere
596 698 662 731 aut
695 698 867 731 montem
900 698 967 731 aut
999 694 1201 731 ciuitatem
1234 699 1301 731 aut
1345 705 1449 731 mare

102 758 169 791 aut
199 752 367 790 fluuium
400 757 467 790 aut
498 750 654 801 aliquod
688 750 805 789 debet
836 750 981 789 habere
1016 751 1247 791 subsidium.
1473 762 1505 785 10

221 809 297 856 Qui
328 809 489 849 contidit
521 811 715 860 equitatu,
755 811 905 861 aptiora
938 810 1022 849 loca
1055 816 1218 861 quaerat
1251 810 1451 861 equitibus

102 875 141 908 et
172 881 257 908 rem
289 870 410 920 magis
443 880 514 920 per
547 869 699 919 equites
731 875 851 920 gerat.

221 928 298 974 Qui
329 927 490 967 confidit
516 927 769 978 pedestribus
796 929 932 981 copiis,
964 929 1113 979 aptiora
1140 928 1223 966 loca
1250 928 1451 979 peditibus

101 993 264 1038 quaerat
296 993 332 1026 et
366 999 450 1025 rem
483 987 605 1037 magis
637 998 709 1037 per
740 987 893 1037 pedites
925 993 1045 1038 gerat.

221 1046 317 1084 Cum
351 1045 576 1096 explorator
608 1045 781 1084 hostium
814 1045 981 1085 latenter
1020 1045 1179 1084 oberrat
1216 1047 1256 1084 in
1297 1048 1450 1098 castris,
1473 1057 1504 1080 1⁵

101 1117 237 1144 omnes
258 1105 305 1143 ad
328 1106 497 1143 tentoria
524 1116 593 1143 sua
619 1116 690 1155 per
717 1104 820 1142 diem
847 1105 977 1144 redire
1004 1105 1227 1158 iubeantur,
1254 1111 1293 1144 et
1320 1107 1450 1144 statim

101 1163 412 1215 deprehenditur
446 1163 678 1214 explorator.

219 1223 317 1262 Cum
344 1222 552 1261 consilium
579 1228 690 1260 tuum
721 1224 955 1273 cognoueris
977 1223 1216 1262 aduersariis
1238 1223 1450 1275 proditum,

100 1282 397 1333 dispositionem
431 1287 584 1320 mutare
617 1287 655 1320 te
689 1283 886 1320 conuenit.

220 1341 321 1386 Quid
360 1341 446 1378 fieri
485 1340 642 1392 debeat,
688 1345 852 1379 tractato
893 1353 982 1380 cum
1021 1340 1175 1392 multis,
1220 1341 1312 1391 quid
1355 1353 1449 1379 uero
1472 1352 1504 1377 20

122 1431 166 1466 V.
188 1431 226 1466 L.
280 1435 297 1464 1
326 1430 523 1476 optimam]
552 1430 692 1475 optime
705 1430 749 1482 ’P
794 1431 907 1476 regit]
936 1431 1033 1476 gerit
1055 1433 1073 1464 λ
1124 1434 1143 1464 2
1170 1430 1359 1465 ferentarii
1385 1433 1403 1464 λ

100 1501 326 1545 constitutis]
354 1501 546 1536 constituti
573 1500 645 1550 sint
665 1485 762 1546 (sdnt
779 1502 821 1547 Q)
837 1503 855 1535 λ
904 1506 924 1536 2
946 1513 976 1536 e.
997 1513 1030 1545 q.
1052 1502 1162 1546 uulqo
1213 1504 1233 1534 5
1255 1501 1408 1536 dextera
1422 1501 1455 1536 V

196 1553 215 1583 6
242 1549 321 1583 ueri
347 1548 457 1592 (muri
482 1549 535 1592 D)
565 1550 594 1582 O
620 1559 710 1583 ueru
739 1549 783 1594 92
812 1550 922 1594 uulgo
1014 1552 1034 1582 8
1061 1548 1327 1592 paucioresque
1352 1548 1450 1582 infir-

99 1596 304 1640 mim-esque
319 1597 359 1629 Π
407 1599 449 1630 10
470 1598 535 1630 aut
561 1595 712 1639 aliquod
731 1597 792 1631 δΡ
814 1598 879 1631 aut
904 1595 1049 1640 aliquid
1063 1597 1103 1629 Π
1129 1596 1194 1641 [a.]
1223 1595 1376 1640 aliquod
1392 1596 1451 1641 ας),

100 1646 116 1678 1
142 1642 296 1687 aliquod
321 1643 356 1677 L
407 1642 638 1688 [subsidium]
655 1645 676 1678 δ
727 1648 767 1678 11
798 1643 965 1688 equitatu
981 1643 1040 1678 (ἶὸ
1064 1642 1257 1686 aequitati]
1281 1643 1313 1687 (“
1336 1645 1399 1686 er.)
1414 1645 1450 1678 A

100 1690 309 1734 equitatum
335 1690 412 1735 MQ
449 1691 634 1734 equitatui
661 1691 687 1734 (i
711 1692 753 1726 in
781 1691 817 1725 P
841 1695 968 1736 postea
994 1691 1165 1725 adsutum
1191 1691 1352 1735 uidam)
1379 1691 1455 1725 ΠΡ

98 1749 122 1784 p
144 1738 314 1782 equitatu
328 1737 362 1771 L
411 1737 558 1781 aptiora
581 1738 680 1783 [loca
699 1742 856 1781 quaerat
870 1759 913 1763 —
928 1737 1084 1782 pedestr.
1106 1736 1224 1782 copiis
1233 1737 1395 1783 aptiora]
1415 1740 1453 1772 Π

156 1789 197 1819 12
225 1796 303 1819 rem
330 1784 452 1830 magis
472 1796 538 1829 per
565 1784 726 1829 [equites
747 1788 854 1830 gerat
881 1806 925 1810 —
951 1784 1144 1829 peditibus
1165 1795 1288 1828 quaer.
1309 1786 1348 1819 et
1372 1796 1450 1820 rem

99 1831 220 1877 magis
241 1832 323 1877 per]
352 1844 368 1866 ε
457 1831 617 1877 equites]
646 1832 793 1876 pedites
814 1833 850 1867 P
941 1836 982 1867 13
1010 1831 1171 1867 confidet
1196 1832 1246 1866 M
1334 1836 1375 1867 16
1403 1832 1450 1867 ad

99 1879 262 1914 tentoria
289 1879 366 1924 sua]
395 1879 442 1913 ad
469 1879 654 1914 centurias
676 1879 760 1915 suas
781 1881 821 1914 H
902 1879 1100 1914 iubeantur
1127 1880 1240 1923 (-atur
1265 1879 1317 1923 D)
1344 1892 1371 1913 π
1395 1881 1449 1914 iu-

99 1926 284 1962 bebantur
310 1940 333 1960 α
360 1925 535 1961 iubentur
559 1929 577 1960 λ
630 1926 699 1972 [et]
727 1929 745 1961 λ
800 1931 845 1962 20
871 1927 1034 1962 tractato
1060 1939 1084 1960 α
1109 1927 1233 1961 tracta
1259 1939 1286 1961 π
1310 1929 1450 1962 tracta-

100 1974 160 2008 tur
189 1973 218 2018 Q
244 1975 425 2009 tractetur
450 1974 484 2007 L

125 2068 159 2103 S.
187 2068 226 2103 L.
329 2073 345 2102 1
372 2068 494 2103 leuem
521 2068 763 2113 armaturam]
796 2069 878 2104 leue
905 2069 1093 2103 armatura
1119 2069 1158 2101 H
1252 2071 1272 2102 3
1299 2068 1448 2115 modus]

100 2124 221 2184 modvis
242 2150 278 2185 A
350 2154 371 2185 5
396 2150 577 2186 sinistram
603 2151 742 2187 malam
768 2151 804 2185 A
829 2150 973 2185 sinistra
998 2150 1137 2185 malam
1164 2150 1197 2185 G
1270 2150 1448 2196 hostium]

101 2197 263 2232 hostiam
288 2197 336 2243 A1
451 2202 471 2233 8
497 2198 689 2243 pautiores
710 2199 745 2233 A
857 2202 897 2233 11
926 2198 1093 2243 confidit]
1122 2197 1283 2232 confidet
1309 2198 1357 2231 M

105 2244 275 2290 quaerat]
304 2244 427 2288 querit
451 2245 500 2291 A1
578 2245 784 2291 equitibus]
813 2244 1122 2299 aequi2ss—2tibus
1143 2245 1179 2279 A
1255 2248 1297 2279 15
1325 2245 1449 2290 explo-

101 2316 214 2359 rator]
243 2315 455 2359 exploratos
477 2316 511 2350 α’
624 2320 666 2351 16
699 2316 845 2362 omnes]
879 2294 967 2351 ofinls
985 2316 1033 2351 M
1141 2318 1182 2349 18
1210 2315 1448 2362 aduersariis]

104 2362 311 2398 aduersaris
334 2363 383 2397 M
479 2367 522 2398 19
550 2362 842 2410 dispositionem]
870 2362 1138 2409 dispositiorem
1166 2364 1205 2396 H
