1638 2620
167 113 220 154 78
726 114 804 149 Lib.
832 113 894 157 111,
922 118 953 148 6.

165 219 384 264 pugnantes
412 213 555 251 milites
581 212 850 263 turbarentur,
878 224 925 250 ne
952 212 1120 263 dispersi
1146 211 1301 263 longius
1328 218 1395 250 aut
1423 224 1513 251 con-

165 271 310 322 globati
343 271 510 323 amplius
543 283 659 322 quam
693 271 850 322 expedit
882 270 1105 322 inpedirent
1131 283 1223 309 suos
1253 270 1512 321 hostibusque

164 331 411 382 prodessent.
467 329 517 368 Et
549 329 636 368 ideo
670 330 716 368 ad
750 329 971 380 exemplum
1013 329 1179 368 militum
1214 331 1330 368 etiam
1363 329 1512 381 inpedi-

164 395 295 428 menta
324 389 396 427 sub
425 388 660 440 quibusdam
687 390 809 439 signis
836 388 1049 427 ordinanda
1078 388 1286 427 duxerunt.
1338 388 1515 439 Denique

129 459 144 483 5
165 460 211 486 ex
246 449 342 498 ipsis
375 447 595 499 calonibus,
630 459 728 498 quos
761 447 941 498 galiarios
974 453 1134 498 uocant,
1176 448 1338 485 idoneos
1371 459 1414 486 ac
1447 459 1512 498 pe-

163 508 261 545 ritos
294 518 369 544 usu
402 506 594 557 legebant,
627 518 726 557 quos
761 519 836 545 non
870 506 1035 556 amplius
1068 518 1184 556 quani
1217 506 1397 544 ducentis
1431 518 1514 557 sag-

165 566 298 603 mariis
331 567 545 616 puerisque
577 566 847 616 praeficerent.
905 565 1052 616 Hisque
1086 564 1227 603 uexilla
1267 564 1428 617 dabant,
1471 570 1515 603 ut

165 625 324 675 scirent,
350 624 396 662 ad
424 636 523 674 quae
552 625 660 675 signa
687 623 878 663 deberent
904 623 1170 675 inpedimenta
1192 623 1388 674 colligere.
1438 623 1515 662 Sed

163 688 480 734 propugnatores
500 682 547 721 ab
568 683 847 734 inpedimentis
874 683 1092 721 laxamento
1114 681 1244 732 aliquo
1266 682 1512 734 diuiduntur,

112 752 145 777 10
165 754 215 780 ne
242 743 452 792 constipati
484 741 688 781 laedantur
715 744 753 780 in
781 742 941 793 proelio.
993 740 1224 779 Ambulante
1253 742 1442 792 exercitu,
1468 747 1512 779 ut

164 800 342 839 locorum
382 802 552 839 uarietas
591 803 790 853 euenerit7
829 802 880 839 ita
921 801 1160 839 defensionis
1193 801 1291 837 ratio
1325 801 1512 838 uariatur.

164 859 260 898 Nam
288 861 328 897 in
356 861 503 910 campis
535 859 762 910 patentibus
796 861 949 910 equites
983 860 1104 910 magis
1138 857 1264 897 solent
1296 860 1514 909 inpugnare

166 931 280 969 quam
313 918 486 970 pedite83
520 924 558 957 at
590 931 686 957 uero
719 920 758 957 in
791 919 886 957 locis
920 917 1171 957 siluestribus
1205 917 1267 955 uel
1294 919 1515 955 montuosis

166 979 250 1016 siue
283 977 524 1028 palustribus
556 977 762 1028 pedestres
796 979 917 1029 magis
949 976 1216 1015 formidandae
1251 982 1342 1014 sunt
1369 978 1514 1026 copiae.

112 1048 145 1072 15
165 1035 343 1087 Illudque
376 1036 593 1088 uitandum,
625 1049 673 1075 ne
705 1050 778 1088 per
811 1036 1096 1087 neglegentiam
1124 1035 1208 1073 aliis
1238 1034 1516 1073 festinantibus

165 1095 249 1134 aliis
284 1095 433 1134 tardius
460 1095 736 1134 incedentibus
763 1097 1075 1146 interrumpatur
1102 1095 1205 1132 acies
1232 1100 1298 1132 aut
1325 1099 1431 1132 certe
1459 1100 1515 1132 te-

164 1160 330 1205 nuetur3
357 1156 544 1192 continuo
566 1156 670 1193 enim
696 1154 829 1193 hostes
856 1153 1102 1205 interpellata
1122 1152 1356 1204 peruadunt.
1397 1152 1514 1190 Prae-

164 1213 336 1264 ponendi
369 1225 462 1263 ergo
490 1220 582 1252 sunt
608 1214 924 1252 exercitatissimi
951 1212 1260 1264 campidoctores
1287 1212 1425 1250 uicarii
1454 1210 1515 1250 uel

165 1271 326 1324 tribuni,
364 1273 431 1322 qui
463 1271 675 1311 alacriores
707 1272 908 1311 retardent
940 1277 979 1310 et
1010 1272 1159 1322 pigrius
1192 1270 1420 1309 incedentes
1452 1269 1515 1308 ad-

112 1346 145 1367 zo
165 1330 339 1369 celerare
361 1330 606 1382 compellant.
658 1330 754 1369 Nam
777 1333 843 1382 qui
865 1330 1035 1370 multum
1057 1330 1358 1381 praecesserint,
1379 1341 1515 1379 super-

165 1396 287 1428 uentu
321 1390 422 1428 facto
457 1402 535 1428 non
569 1395 647 1429 tam
679 1390 809 1429 redire
844 1402 959 1441 quam
992 1390 1165 1439 effugere
1208 1389 1382 1438 cupiunt.
1441 1387 1514 1433 Qui

165 1461 262 1487 uero
302 1450 467 1487 extremi
507 1455 616 1500 sunt,
658 1449 805 1487 deserti
839 1462 857 1487 a
891 1450 973 1487 suis
1006 1449 1047 1486 ui
1078 1448 1251 1486 hostium
1285 1452 1323 1485 et
1356 1447 1515 1499 propria

188 1549 232 1584 V.
253 1550 294 1584 L.
348 1554 364 1583 1
389 1549 630 1595 [pugnantes]
646 1551 756 1595 uulyo
805 1550 971 1596 dispersi]
991 1549 1193 1583 diuersisH
1240 1552 1260 1582 2
1282 1547 1364 1582 snos
1374 1546 1521 1595 A'zDP

165 1597 238 1632 suis
254 1597 337 1631 ΜΠ
348 1597 379 1630 V
443 1601 463 1631 5
490 1596 669 1642 galiarios
690 1600 728 1631 Π
752 1597 929 1641 galiarias
952 1610 966 1631 ε
996 1596 1180 1640 galearios
1200 1596 1277 1630 DP
1300 1595 1463 1640 galerios
1486 1594 1519 1628 V

167 1645 225 1688 (cf.
252 1644 278 1687 Ι,
309 1645 365 1688 10)
429 1649 448 1679 6
476 1644 672 1679 duocentis
692 1646 727 1679 A
755 1645 928 1680 duocenti
956 1645 1004 1678 M
1067 1643 1196 1689 fagur]
1224 1641 1426 1687 sagittariis
1447 1642 1517 1686 HQ

238 1696 256 1726 7
282 1692 524 1736 praeficerent
545 1704 571 1726 π
595 1691 853 1735 praefaccrent
879 1692 1016 1737 ([prae]
1041 1691 1084 1736 Q)
1105 1704 1120 1725 ε
1173 1693 1193 1725 8
1220 1690 1267 1724 ad
1294 1701 1388 1734 quae
1410 1689 1518 1723 GDL

165 1741 277 1783 atque
306 1739 399 1784 QlPl
416 1739 449 1772 V
472 1739 517 1774 ad
545 1739 613 1783 que
643 1740 682 1772 Π
705 1740 750 1774 ad
778 1740 869 1783 quas
891 1740 925 1773 α’
1000 1739 1105 1783 signa
1130 1737 1323 1782 deberent]
1351 1735 1517 1781 designa-

165 1788 248 1821 rent
270 1786 303 1819 V
350 1791 369 1821 9
397 1785 539 1832 aliquo]
562 1787 678 1830 aliqui
699 1788 738 1820 Π
787 1791 829 1821 10
855 1787 890 1821 in
914 1786 1064 1830 proelio.
1104 1785 1211 1820 Amb.
1233 1784 1283 1819 St.
1311 1785 1348 1818 in
1375 1783 1517 1828 proelio

168 1835 258 1878 (-um
280 1832 329 1878 V)
350 1834 447 1868 amb.
466 1834 494 1867 Ο
569 1837 609 1867 11
627 1834 791 1868 uarietur
806 1834 916 1878 uulgo
969 1838 1012 1867 14
1031 1832 1255 1867 formidandi
1271 1831 1304 1865 α’
1357 1834 1399 1865 15
1421 1830 1516 1864 Illud

166 1891 313 1924 quoque
338 1892 373 1915 n.
400 1881 511 1925 uulyo
576 1885 618 1916 16
646 1879 747 1926 [aliis
768 1880 1047 1926 festinantibus]
1070 1882 1108 1913 Π
1161 1877 1478 1913 intercedentibus
1500 1890 1516 1911 ε

237 1928 553 1972 interrumpentur
579 1948 623 1953 --
649 1929 848 1963 tenuentur
873 1932 891 1962 λ
968 1932 1007 1962 17
1035 1927 1277 1971 interpellata
1295 1924 1328 1959 V
1354 1924 1515 1959 Oudend.

161 1978 244 2019 post
275 1976 357 2010 edit.
392 1975 494 2010 Rom.
528 1975 670 2010 Bonon.
703 1976 799 2009 inter
835 1975 983 2020 prolata
1009 1976 1043 2008 α’
1075 1974 1318 2018 intel-plorata
1349 1974 1367 2005 λ
1403 1972 1515 2006 inter-

166 2023 295 2067 polata
326 2022 477 2057 GHDP
501 2024 612 2068 uulgo
732 2022 987 2067 Praeponendi
1021 2035 1035 2056 ε
1069 2018 1311 2066 premonendi
1338 2020 1377 2053 H
1405 2019 1514 2054 inter-

165 2069 328 2150 ppnendsi
354 2070 414 2104 31³
441 2070 553 2115 ‘eculyo
650 2074 692 2104 19
722 2070 945 2116 [repriment
972 2070 1081 2114 uulyo
1178 2072 1221 2102 22
1248 2066 1303 2112 ui]
1330 2067 1373 2102 ui'
1402 2066 1429 2111 (⁶
1454 2069 1516 2109 er.)

208 2117 237 2162 Q
261 2116 299 2151 ui
340 2119 380 2151 H

192 2210 226 2245 S.
255 2211 293 2246 L.
364 2215 383 2245 2
410 2212 634 2256 impedirent
654 2214 688 2246 Π
765 2216 784 2246 3
810 2212 947 2256 imped.
976 2213 1013 2245 Π
1037 2213 1068 2245 ec
1094 2211 1146 2243 ita
1167 2212 1294 2253 postea
1369 2212 1388 2242 5
1417 2208 1513 2242 ‹valo-

166 2257 295 2303 nibus]
323 2258 516 2294 colonibus
537 2259 587 2294 M
676 2258 855 2301 ideoneos
877 2258 925 2293 M
1019 2262 1036 2292 7
1064 2255 1220 2301 uexilla]
1247 2255 1378 2289 uixilla
1404 2255 1438 2289 α’

168 2308 210 2339 12
238 2304 457 2350 impugnare
484 2308 523 2340 Π
613 2310 654 2341 17
680 2305 906 2351 peruadunt]
933 2304 1136 2350 peruadum
1165 2303 1213 2338 M
1308 2306 1349 2337 19
1376 2302 1516 2337 accele-

165 2363 246 2387 rare
275 2352 349 2387 GH
443 2357 487 2387 20
515 2354 727 2399 conpellant
753 2367 776 2399 μ
