1638 2620
651 126 731 163 Lib.
758 125 820 169 111,
849 128 878 161 1.
907 128 939 159 2.
1411 119 1466 160 67

122 234 325 281 praetores
350 225 461 265 uelut
490 227 662 264 minores
689 225 809 263 duces
836 223 882 262 ad
904 221 1193 273 expeditionem
1216 232 1330 271 saepe
1352 219 1468 257 duce-

120 288 224 326 bant.
288 285 397 331 Quod
439 286 471 323 si
509 296 670 335 magnae
708 283 882 321 hostium
921 282 1054 332 copiae
1094 279 1339 329 dicerentur,
1379 290 1469 316 con-

119 346 260 385 sularis
298 348 472 396 potestas
511 354 599 381 cum
634 343 774 393 uiginti
813 340 971 379 milibus
1003 339 1177 391 peditum
1213 343 1250 376 et
1283 342 1470 388 quattuor

119 406 296 456 equitum
335 408 532 453 tamquam
571 413 702 439 comes
742 402 864 438 maior
901 398 1141 438 mittebatur.
1200 396 1312 442 Quod
1347 397 1376 434 si
1412 397 1467 433 in-

119 464 224 501 finita
257 461 467 500 multitudo
501 472 548 498 ex
581 458 765 510 gentibus
798 459 1053 497 ferocissimis
1086 456 1327 507 rebellasset,
1362 460 1468 506 tunc,
1490 464 1505 488 5

118 522 236 560 nimia
269 521 503 559 necessitate
537 524 719 569 cogente,
752 518 828 556 (1110
863 517 982 555 duces
1026 522 1064 554 et
1103 516 1179 554 (1110
1214 514 1472 553 mittebantur

119 581 316 619 exercitus
352 591 442 617 011111
484 577 676 616 eiusmodi
708 582 935 627 praecepto:
991 572 1256 626 ‘prouideant,
1291 585 1338 612 ne
1377 572 1470 624 quid

121 638 342 690 respublica
364 637 590 675 detrimenti
606 637 743 687 capiat,
759 634 941 673 consules
963 633 1074 672 ambo
1092 629 1268 672 alterue'.
1294 632 1469 682 Denique

123 710 212 736 eum
245 699 284 736 in
318 696 486 734 diuersis
519 694 763 746 regionibus,
804 700 939 732 0011113
972 693 1152 731 diuersos
1184 692 1318 730 hostes
1351 703 1369 729 a
1402 703 1469 742 po-

124 756 217 808 pulo
250 755 423 793 Romano
457 755 568 792 annis
600 765 723 805 prope
763 752 944 791 omnibus
977 756 1237 803 pugnaretur,
1270 750 1357 788 ideo
1392 750 1469 788 suf-
1492 759 1525 783 10

123 814 307 853 siciebant
339 813 506 852 militum
539 813 692 865 copiae,
729 813 818 863 quia
851 811 986 850 utilius
1019 809 1243 848 iudicabant
1282 821 1360 847 non
1394 814 1471 847 tam

121 873 289 925 grandes
323 873 520 911 exercitus
553 871 697 909 habere
732 883 846 921 quam
880 869 1032 921 plures,
1065 868 1128 907 illa
1162 874 1291 907 tamen
1321 869 1469 906 ratione

122 938 293 979 seruata,
326 944 374 969 ne
409 943 593 981 umquam
627 929 792 981 amplior
827 928 1036 967 multitudo
1077 927 1279 966 socialium
1313 926 1469 965 auxilia·

122 992 223 1030 rium
258 996 363 1029 esset
394 991 433 1027 in
467 990 606 1028 0351115
639 1001 754 1040 quam
789 990 935 1027 ciuium
969 987 1246 1026 Romanorum.

239 1049 283 1087 II.
330 1048 460 1101 Nunc,
494 1048 597 1099 quod
637 1048 699 1086 uel
732 1050 897 1086 maxime
932 1046 1223 1098 prouidendum
1251 1050 1327 1093 est,
1368 1058 1591 1093 Qpemadmodum

122 1107 449 1160 quemadmodum
494 1108 638 1145 sanitas
672 1107 917 1145 custodiatur
950 1106 1164 1156 exercitus,
1199 1105 1328 1143 3111110-
1345 1090 1614 1139 {sssssstciiugssbmm‘

122 1167 234 1219 nebo,
254 1166 329 1206 hoc
357 1173 414 1204 est
435 1166 530 1204 10015
552 1167 662 1216 aquis
684 1172 860 1216 tempore
884 1164 1075 1203 medicina
1103 1165 1300 1202 exercitio.
1346 1163 1473 1216 Locis,

122 1238 169 1264 ne
196 1227 234 1264 in
255 1225 454 1277 pestilenti
483 1226 642 1275 regione
664 1226 770 1263 iuxta
792 1223 994 1262 morbosas
1023 1223 1198 1274 paludes,
1225 1235 1272 1261 ne
1295 1222 1412 1260 aridis
1435 1228 1474 1261 et

122 1286 205 1323 sine
227 1285 419 1335 opacitate
441 1283 625 1322 arborum
648 1285 795 1334 campis
823 1289 889 1321 aut
910 1282 1086 1333 collibus,
1116 1294 1163 1320 ne
1187 1283 1269 1320 sine
1291 1282 1472 1320 tentoriis

121 1348 268 1382 aestate
284 1342 426 1381 milites
441 1347 752 1393 commorentur,
773 1354 821 1380 ne
838 1343 987 1392 egressi
1008 1341 1156 1379 tardius
1178 1346 1217 1379 et
1231 1340 1358 1379 calore
1375 1340 1466 1378 solis
1489 1352 1522 1376 20

123 1408 160 1441 et
175 1403 399 1453 fatigatione
416 1403 570 1440 itineris
585 1401 818 1440 contrahant
840 1400 1033 1452 morbum,
1055 1399 1121 1438 sed
1143 1401 1274 1450 potius
1289 1401 1329 1437 in
1351 1404 1473 1452 aestu,

146 1503 187 1538 V.
215 1504 255 1538 L.
326 1507 345 1537 2
373 1502 594 1537 ducerentur
620 1505 667 1536 πλ
736 1506 755 1536 3
784 1502 967 1548 [peditum
995 1503 1032 1536 et
1058 1501 1250 1546 quattuor]
1279 1513 1308 1544 ε,
1338 1501 1373 1534 Ρ
1391 1502 1475 1536 item

123 1552 291 1586 omiserat
316 1551 376 1585 sed
401 1552 523 1585 statim
549 1551 704 1586 correxit
731 1550 859 1593 equitii
886 1550 927 1583 iii
956 1549 1084 1593 pediti]
1112 1552 1217 1593 atque
1242 1550 1280 1583 iv
1310 1549 1474 1593 margine

124 1598 268 1633 addidit
290 1599 327 1632 et
346 1598 504 1641 quatuor
524 1596 677 1632 milibus
693 1596 835 1641 equitii)
904 1600 923 1630 5
950 1596 1151 1630 rebellaret
1170 1597 1206 1629 Π
1275 1599 1294 1630 6
1322 1595 1473 1630 necessi-

122 1644 252 1679 tudine
273 1646 312 1678 H
407 1648 425 1679 7
447 1644 670 1689 prouideant
694 1643 956 1689 (prouidebant
979 1644 1031 1687 D>
1051 1644 1089 1677 π’
1116 1645 1158 1678 ut
1176 1642 1400 1687 prouideant
1421 1642 1477 1677 εΡ

170 1696 190 1727 8
213 1702 242 1726 0.
264 1691 371 1726 ambo
393 1692 534 1726 alterne
553 1691 726 1726 Korttius
747 1702 776 1726 0.
792 1691 901 1725 ambo
924 1691 1044 1725 altera
1063 1690 1099 1724 A
1120 1701 1149 1726 c.
1170 1690 1279 1725 ambo
1295 1691 1413 1725 altero
1429 1689 1479 1724 M

124 1750 153 1774 0.
169 1739 278 1774 ambo
293 1741 387 1773 alter
404 1737 437 1772 Gr
456 1738 657 1787 Cpeonsules
672 1738 781 1773 ambo
801 1738 918 1773 altero
934 1740 951 1771 λ
970 1737 1171 1785 ί’1100111111οΓ
1182 1738 1292 1772 ambo
1307 1738 1426 1772 altero
1441 1736 1478 1771 P

123 1797 291 1833 consules
312 1797 420 1832 ambo
448 1798 588 1832 alterne
615 1797 710 1832 alter
736 1797 892 1832 amboue
916 1799 954 1831 H
978 1809 1007 1832 0.
1036 1808 1066 1831 3.
1096 1797 1191 1832 alter
1217 1795 1278 1831 uel
1303 1796 1367 1830 alt.
1396 1806 1473 1830 am-

121 1846 217 1880 boue
244 1845 266 1878 δ
297 1844 464 1880 consules
491 1845 586 1880 alter
617 1845 775 1879 ambone
810 1844 880 1879 Oz‘e.
909 1844 1005 1879 Phil.
1034 1848 1067 1887 5,
1095 1847 1142 1879 19
1172 1844 1355 1880 (similiter
1390 1842 1473 1877 Gel-

123 1893 194 1927 lius
213 1896 247 1935 1,
269 1894 331 1935 12)
351 1891 444 1926 cons.
467 1892 575 1927 ambo
602 1892 662 1926 uel
683 1892 777 1926 alter
801 1892 957 1926 ambone
981 1891 1144 1926 Oudencl.
1165 1890 1354 1925 consulum
1377 1890 1473 1924 alter

123 1939 280 1974 ambone
303 1939 488 1974 Scle-webel.
541 1943 560 1973 9
592 1939 659 1984 [in]
684 1939 742 1973 εΡ
792 1943 832 1973 12
860 1938 1002 1984 plures]
1031 1938 1229 1973 instructos
1246 1938 1289 1983 {22
1319 1939 1360 1972 in
1381 1938 1402 1972 Ζ.
1425 1949 1472 1972 er.

173 1990 215 2021 13
242 1986 422 2021 sociorum
449 1986 505 2020 zP
599 1985 881 2021 auxiliariumue
907 1999 934 2020 π

218 2033 301 2068 CAP.
327 2033 370 2067 Π.
451 2037 496 2068 20
523 2033 593 2079 [et]
621 2034 741 2068 calore
767 2034 824 2068 λΡ
901 2038 927 2068 t.
955 2044 1010 2078 eg.
1039 2033 1148 2078 uulyo
1231 2036 1271 2066 21
1301 2032 1339 2066 in
1371 2031 1472 2066 aestu

124 2082 209 2115 ante
228 2081 348 2115 11100111
368 2081 500 2125 scripsi
520 2092 563 2116 esc
583 2084 620 2115 in
640 2080 742 2115 aestu
762 2082 847 2115 ante
865 2080 948 2115 luce
962 2082 999 2114 π’
1014 2080 1052 2114 111
1074 2079 1211 2115 aestate
1229 2079 1311 2114 luce
1326 2078 1383 2113 εΡ
1397 2079 1473 2120 (sed

124 2129 164 2163 in
184 2128 248 2163 Gi
269 2139 287 2163 e
308 2131 340 2162 et
359 2130 399 2163 at
424 2130 464 2163 in
490 2129 512 2163 Z.
539 2139 585 2164 er.
615 2128 652 2162 et
674 2138 764 2163 corr.
788 2140 811 2162 α
829 2131 872 2172 2)
897 2127 997 2162 aestu
1025 2129 1110 2162 ante
1137 2128 1257 2162 lucem
1284 2125 1334 2163 Sc.
1358 2125 1471 2160 Schw.

150 2221 182 2256 S.
210 2222 250 2256 L.
321 2226 336 2256 1
360 2222 560 2268 ducebant]
583 2222 756 2257 dicebant
776 2223 815 2256 H
879 2226 899 2256 2
922 2221 1122 2257 consolaris
1138 2221 1186 2265 A1
1255 2223 1297 2255 10
1318 2219 1472 2255 sufficie-

125 2268 231 2314 bant]
258 2268 462 2304 sufficiebat
486 2282 513 2304 π
600 2273 640 2304 11
670 2269 901 2315 iudicabant]
928 2269 1145 2304 iudicabunt
1171 2267 1219 2302 M
1303 2271 1346 2302 12
1373 2277 1473 2301 exer-

126 2315 238 2361 citus]
267 2315 324 2350 -os
345 2316 379 2350 a*
480 2321 523 2351 14
549 2317 656 2363 esset]
683 2315 754 2351 esse
781 2317 821 2350 Π

221 2363 304 2399 CAP.
317 2362 360 2398 ΙΙ.
402 2367 444 2399 16
459 2364 783 2408 quemammodum
794 2365 834 2398 Π
872 2367 913 2398 21
930 2362 1167 2408 fatigatione]
1184 2361 1427 2407 fatigationes
1430 2361 1479 2395 M

1214 2420 1262 2457 ὅ*
