1638 2620
164 94 218 134 14
693 94 773 128 Lib.
801 95 826 138 1,
854 98 886 129 9.
915 98 969 129 10.

160 193 371 244 praecipue
404 192 695 231 adsuefaciendi
728 199 820 231 sunt
858 194 1051 245 iuniores,
1089 199 1133 232 ut
1173 195 1320 232 maiore
1358 195 1508 245 impetu

159 253 199 290 in
239 251 394 290 hostem
431 257 689 303 procurrant,
735 257 778 290 ut
815 251 899 290 loca
937 258 1131 303 oportuna
1169 252 1372 304 celeriter,
1417 265 1509 291 cum

159 323 256 350 usus
289 311 512 362 aduenerit,
544 316 740 361 occupent
771 310 835 348 uel
867 311 1105 350 aduersariis
1141 312 1245 350 idem
1277 313 1406 350 facere
1438 324 1507 350 uo-

160 369 332 409 lentibus
371 374 679 420 praeoccupent,
718 375 762 408 ut
799 369 846 407 ad
886 369 1167 421 explorandum
1200 370 1381 409 alacriter
1419 382 1508 422 per-

124 435 269 480 5gant,
308 428 475 467 alacrius
514 428 694 479 redeant,
735 434 779 466 ut
816 429 1050 479 fugientium
1089 429 1241 468 facilius
1274 435 1383 480 terga
1416 441 1506 468 con-

159 487 416 538 prehendant.
469 487 524 525 Ad
553 487 694 525 saltum
721 488 850 536 etiam,
883 500 960 538 quo
988 488 1051 526 uel
1078 488 1204 527 fossae
1231 488 1509 527 transiliuntur

159 546 222 585 uel
261 545 467 597 inpediens
506 545 634 597 aliqua
679 545 843 584 altitudo
890 553 1117 597 superatur,
1163 547 1408 586 exercendus
1447 553 1508 585 est

159 605 282 656 miles,
309 610 364 656 ut,
392 617 483 643 cum
510 605 702 643 eiusmodi
729 605 979 644 difficultates
1007 607 1225 658 euenerint,
1250 608 1403 657 possint
1423 607 1508 644 sine

158 664 290 702 labore
325 665 505 702 transire.
553 663 762 702 Praeterea
794 666 835 702 in
859 666 947 715 ipso
974 664 1160 703 eonssictu
1187 677 1231 703 ac
1257 665 1506 703 dimicatione

106 733 139 757 10
159 723 329 762 telorum
366 722 533 761 bellator
572 735 661 762 cum
701 735 821 761 cursu
867 723 1047 774 saltuque
1087 725 1252 762 ueniens
1291 724 1508 762 aduersarii

158 783 415 833 praestringit
447 781 581 820 oculos
624 788 876 832 mentemque
915 782 1090 822 deterret
1126 784 1317 833 priusque
1355 782 1505 833 plagam

157 841 315 893 infligit,
349 853 465 892 quam
498 841 561 879 ille
595 841 640 879 ad
675 841 895 880 cauendum
927 841 991 880 uel
1023 842 1069 880 ad
1102 841 1368 880 resistendum
1399 847 1506 880 certe

159 912 200 939 se
232 907 451 952 praeparet.
503 899 557 938 De
591 901 780 939 exercitio
814 900 912 939 Gnei
943 900 1105 952 Pompei
1136 900 1266 952 Magni
1298 900 1507 947 Sallustius

157 966 350 998 memorat
382 956 487 998 ‘cum
520 959 714 998 alacribus
747 959 860 1011 saltu,
893 972 982 998 cum
1015 958 1219 999 uelocibus
1251 960 1506 1011 eu1·su,*cum

106 1028 138 1052 15
159 1019 298 1058 ualidis
340 1024 454 1057 uecte
495 1014 697 1057 certabat'.
759 1018 896 1069 Neque
930 1020 1034 1057 enim
1066 1019 1130 1057 ille
1163 1018 1275 1057 aliter
1312 1019 1508 1069 potuisset

157 1090 228 1129 par
255 1089 342 1116 esse
371 1077 560 1129 Sertorio,
592 1079 668 1115 nisi
702 1090 822 1128 seque
851 1083 890 1116 et
916 1078 1060 1116 milites
1092 1077 1368 1128 frequentibus
1395 1089 1506 1116 exer·

14 1163 54 1183 ,m
77 1169 152 1183 usum
177 1163 285 1183 natandi
300 1138 403 1175 citiis
417 1142 690 1187 praeparasset
705 1137 750 1175 ad
766 1137 924 1187 proelia.
966 1136 1010 1175 X.
1031 1136 1196 1176 Natandi
1213 1149 1330 1175 usum
1345 1137 1506 1175 aestiuis

15 1193 173 1213 mmmm
184 1193 289 1213 fimes·
302 1195 506 1234 mensibus
527 1197 653 1234 omnis
671 1195 887 1246 aequaliter
907 1195 1025 1234 debet
1045 1198 1121 1234 tiro
1143 1196 1384 1234 condiscere.
1420 1194 1506 1233 Non

158 1256 262 1293 enim
297 1266 452 1305 semper
484 1254 671 1305 pontibus
704 1254 865 1293 flumina
898 1260 1168 1306 transeuntur,
1201 1255 1269 1293 sed
1297 1260 1336 1293 et
1362 1254 1506 1293 cedens

104 1323 138 1347 20
158 1320 197 1352 et
234 1315 449 1364 insequens
488 1319 622 1352 natare
662 1315 817 1364 cogitur
850 1314 1080 1364 frequenter
1113 1315 1322 1353 exercitus.
1381 1313 1505 1364 Saepe

156 1374 377 1424 repentinis
410 1372 602 1411 imbribus
636 1373 699 1411 uel
726 1373 886 1411 niuibus
913 1373 1041 1411 solent
1067 1374 1267 1411 exundare
1295 1378 1506 1423 torrenteS,

157 1439 195 1470 et
245 1433 465 1482 ignorantia
504 1444 582 1469 non
622 1432 748 1470 solum
788 1431 834 1469 ab
874 1431 1005 1482 hoste,
1050 1432 1118 1470 sed
1158 1434 1274 1470 etiam
1319 1431 1365 1469 ah
1408 1432 1506 1482 ipsis

156 1492 268 1541 aquis
301 1490 514 1529 discrimen
548 1492 727 1529 incurrit.
782 1490 954 1541 Ideoque
988 1491 1153 1529 Romani
1192 1496 1368 1542 ueteres,
1408 1502 1506 1541 quos

156 1555 214 1588 tot
253 1549 352 1587 bella
391 1556 429 1587 et
468 1551 695 1588 continuata
734 1549 909 1600 pericula
949 1550 995 1588 ad
1035 1562 1190 1588 omnem
1230 1551 1287 1587 rei
1326 1550 1505 1588 militaris

179 1687 221 1721 V.
250 1687 288 1721 L.
347 1691 366 1721 3
395 1686 496 1732 usus]
524 1686 588 1721 usu
614 1688 654 1720 H
748 1691 769 1721 4
797 1687 985 1732 alacriter]
1016 1686 1186 1721 celeriter
1211 1689 1251 1720 H
1345 1691 1364 1721 5
1391 1687 1505 1730 utque

154 1736 285 1780 fraym.
313 1734 420 1768 Eius.
522 1733 645 1778 [terga
670 1734 717 1779 c.]
745 1735 789 1779 Pl
819 1736 927 1779 terga
951 1734 1143 1768 incurrant
1170 1734 1218 1779 P2
1246 1735 1303 1775 (in
1327 1735 1506 1778 maraine)

250 1786 270 1816 8
297 1781 436 1825 possint
465 1780 495 1815 O
519 1780 631 1825 possit
654 1783 776 1826 uul90.
890 1786 929 1815 11
958 1780 1173 1826 perstringit
1199 1782 1295 1815 sDP
1405 1792 1504 1815 men-

153 1829 339 1874 tem[que]
370 1829 403 1862 d.
431 1831 470 1862 H
573 1832 615 1863 13
643 1829 687 1863 de
715 1829 980 1863 exercitatione
1006 1831 1045 1863 H
1141 1828 1268 1874 [Gnei]
1296 1842 1311 1863 ε
1410 1827 1503 1862 salu-

154 1876 244 1910 stius
259 1878 322 1921 μαῖ’
349 1877 396 1919 f'r.
418 1876 525 1910 Eius.
603 1880 645 1910 16
673 1876 780 1920 seque
808 1877 845 1910 et
870 1875 1025 1921 milites]
1055 1876 1089 1910 se
1117 1878 1153 1910 et
1179 1876 1261 1910 suos
1283 1875 1423 1909 milites
1440 1876 1508 1920 QP

154 1924 188 1957 fe
215 1925 252 1958 et
278 1936 325 1958 m.
353 1923 446 1968 ΑΕΖ)
473 1922 581 1966 seque
607 1936 653 1957 m.
689 1923 722 1956 V
794 1923 875 1957 CAP.
898 1924 939 1957 X.
993 1924 1195 1967 Inscriptio
1214 1924 1310 1958 abest
1330 1935 1352 1957 α
1371 1923 1501 1967 fragm.

153 1971 260 2005 Eius.
335 1975 380 2005 20
407 1972 445 2004 et
470 1979 517 2006 Ξ
535 1980 582 2006 Ξ
602 1970 736 2005 cedens
757 1972 794 2005 et
820 1970 1040 2014 subsequens
1066 1970 1100 2004 V
1121 1972 1159 2005 et
1183 1970 1252 2005 inc.
1286 1972 1323 2004 et
1350 1970 1438 2004 subs.
1464 1970 1503 2004 I)

250 2023 294 2052 24
322 2017 495 2052 continua
522 2019 544 2051 ὃ

180 2147 212 2182 S.
240 2147 277 2182 L.
379 2152 396 2181 1
425 2147 723 2182 adsuaefaciendi
750 2161 774 2192 μ
853 2148 1031 2182 maiorem
1059 2148 1091 2191 (ἐ
1113 2148 1204 2189 AH)
1230 2148 1293 2191 Αμ
1388 2150 1408 2180 2
1435 2147 1501 2181 im-

153 2196 282 2239 petum
302 2195 365 2239 Αμ
438 2195 476 2229 in
503 2194 661 2240 hostem]
689 2194 726 2228 in
753 2194 854 2229 hoste
875 2198 912 2229 H
983 2199 1006 2228 4
1031 2195 1206 2239 pergant]
1233 2204 1387 2239 pergere
1409 2196 1447 2228 et
1466 2196 1500 2227 H

250 2247 270 2276 5
298 2242 560 2286 eonphendant
592 2243 727 2287 (-prae—
755 2242 817 2286 M)
845 2243 879 2275 α’
913 2241 1229 2286 comprehendant
1255 2242 1295 2275 H
1412 2241 1501 2286 quo]

153 2299 248 2333 quae
275 2290 324 2323 M
417 2294 436 2323 9
463 2289 750 2324 demicationem
777 2291 811 2323 A
912 2293 953 2323 13
980 2289 1107 2331 magni
1132 2289 1173 2334 s.]
1201 2288 1347 2333 magnis
1369 2288 1391 2323 s.
1418 2289 1454 2322 A

155 2337 237 2371 CAp.
263 2336 306 2370 X.
359 2341 401 2372 18
430 2336 566 2382 omnis]
594 2336 673 2371 oms
693 2338 739 2381 A,
844 2341 887 2370 22
916 2337 962 2371 ab
988 2336 1111 2371 hostes
1132 2336 1191 2371 sed
1218 2336 1257 2369 α’
