1638 2620
631 128 710 163 Lib.
738 128 819 172 1111,
847 132 878 163 9.
908 131 960 163 10.
1386 128 1470 170 135

124 242 259 269 norem
293 228 437 267 habere
470 228 661 266 uirtutem
687 227 882 266 Romanae
910 227 1159 266 necessitatis
1186 228 1470 277 experimento.

123 289 220 327 Nam
253 289 293 326 in
327 287 530 326 obsidione
559 286 739 338 Capitolii
766 287 964 337 corruptis
997 287 1080 336 iugi
1112 298 1155 324 ac
1188 285 1302 337 longa
1335 286 1469 337 fatiga*

123 349 230 386 tione
262 347 481 398 tormentis,
514 357 602 384 cum
633 357 849 384 neruornm
876 346 985 396 copia
1014 345 1236 396 defecisset,
1269 350 1470 383 matronae

123 406 299 445 abscisos
332 406 462 443 crines
494 406 592 442 uiris
625 405 707 443 suis
740 403 918 442 obtulere
946 404 1227 456 pugnantibus,
1260 405 1469 455 reparatis-

124 477 199 516 que
233 463 422 503 machinis
449 463 769 501 aduersariorum
796 464 986 513 impetum
1014 463 1286 514 reppulerunt.
1327 463 1469 502 Malue-
1491 472 1506 496 5

122 529 218 562 runt
244 524 347 561 enim
373 522 651 574 pudicissimae
673 522 840 560 feminae
862 521 1077 560 deformato
1099 522 1144 560 ad
1166 528 1322 573 tempus
1344 523 1471 573 capite

123 582 244 621 libere
285 583 424 620 uiuere
464 593 553 620 cum
593 581 744 620 maritis
780 592 896 631 quam
929 580 1110 619 hostibus
1141 583 1295 632 integro
1329 581 1471 620 decore

124 642 289 680 seruire.
336 640 491 679 Cornua
525 651 682 691 quoque
715 639 779 678 uel
806 639 926 678 cruda
954 641 1059 678 coria
1086 641 1243 691 proficit
1269 640 1399 691 colligi
1424 641 1470 679 ad

123 701 353 739 catafractas
385 699 572 738 texendas
599 698 750 749 aliaque
785 698 1098 737 machinamenta
1126 701 1210 738 siue
1243 701 1470 738 munimina.

240 758 285 796 X.
312 758 449 809 Magna
468 758 579 796 urbis
601 758 749 796 utilitas
770 762 841 809 est,
869 770 959 796 cum
980 769 1176 809 perennes
1197 758 1326 797 fontes
1341 772 1613 807 Quidfapien51urn‚ue

123 829 260 856 murus
288 817 462 856 includit.
506 816 617 862 Quod
643 818 677 855 si
703 822 841 855 natura
869 829 947 854 non
980 822 1164 867 praestat,
1197 807 1614 855 οιιίυε-ῗῑ(ὲῖἶῗιῖι-’ῗὲἷὲἶὲἷ.”“

123 876 218 915 libet
250 875 467 915 altitudinis
500 875 711 914 effodiendi
744 881 835 914 sunt
868 877 977 926 putei
1010 888 1280 927 aquarumque
1307 876 1471 915 haustus

121 935 283 974 funibus
316 934 560 973 extrahendi.
607 934 683 973 Sed
717 934 915 973 interdum
951 936 1115 973 sicciora
1143 942 1236 973 sunt
1261 935 1344 973 loca
1372 947 1471 986 quae

122 993 323 1033 montibus
356 999 448 1033 sunt
480 995 662 1044 saxisque
690 995 859 1046 munita,
896 995 935 1032 in
963 993 1106 1044 quibus
1134 996 1384 1045 superposita
1411 1006 1471 1033 ca-

122 1053 234 1092 stella
267 1059 374 1092 extra
409 1065 566 1091 murum
598 1053 808 1091 inferiores
840 1054 1047 1104 reperiunt
1079 1054 1245 1092 fontium
1280 1066 1401 1092 uenas
1428 1066 1472 1092 ac
1493 1063 1526 1088 15

120 1112 169 1151 de
202 1112 508 1164 propugnaculis
535 1111 599 1150 uel
624 1111 803 1151 turribus
830 1112 1036 1151 destinatis
1063 1118 1278 1163 protegunt
1298 1113 1398 1164 telis,
1429 1119 1472 1151 ut

121 1171 377 1222 aquatoribus
403 1170 502 1209 liber
528 1176 753 1221 praestetur
779 1183 974 1210 accessus.
1021 1172 1133 1217 Quod
1161 1173 1194 1210 si
1220 1171 1322 1210 ultra
1349 1173 1471 1210 ictum

121 1230 207 1282 teli,
240 1232 279 1268 in
314 1229 415 1268 cliuo
449 1235 580 1268 tamen
613 1231 785 1269 ciuitatis
818 1229 994 1268 subiecta
1028 1232 1078 1269 sit
1111 1243 1229 1282 uena,
1268 1231 1471 1269 castellum

121 1289 344 1341 paruulum,
373 1302 488 1340 quem
516 1289 685 1340 burgum
712 1294 867 1341 uocant,
899 1291 1003 1327 inter
1030 1291 1232 1328 ciuitatem
1260 1296 1298 1328 ct
1325 1291 1471 1328 fontem

121 1349 310 1387 conuenit
342 1347 528 1386 fabricari
560 1347 693 1399 ibique
726 1348 899 1394 ballistas
933 1350 1236 1400 sagittariosque
1269 1350 1471 1401 constitui,
1492 1359 1525 1383 20

122 1413 165 1446 ut
205 1420 304 1458 aqua
343 1407 578 1446 defendatur
617 1407 663 1445 ab
702 1406 896 1445 hostibus.
953 1407 1164 1446 Praeterea
1209 1409 1248 1446 in
1290 1408 1473 1447 omnibus

146 1498 188 1532 V.
205 1497 244 1532 L.
298 1501 313 1531 1
335 1509 362 1531 r.
383 1508 462 1531 nec.
484 1496 735 1542 experimento
756 1496 988 1542 cognoscitur
999 1497 1056 1532 λΡ
1071 1509 1097 1532 r.
1113 1497 1342 1533 necessitatis
1359 1499 1423 1544 [e.]
1437 1501 1475 1533 H

120 1557 148 1581 r.
164 1544 392 1579 necessitatis
401 1544 662 1589 expedimento
679 1544 713 1577 V
722 1555 877 1579 romana
890 1544 1085 1580 necessitas
1095 1546 1346 1589 experimento
1359 1547 1396 1579 D
1416 1558 1472 1581 ro-

122 1602 252 1626 manae
268 1590 406 1626 scilicet
420 1591 648 1626 necessitatis
658 1592 910 1636 experimento
926 1593 1038 1636 uulgo
1094 1596 1116 1626 4
1130 1592 1307 1628 abscissos
1316 1594 1426 1637 uulfyo

121 1643 142 1674 8
158 1638 300 1684 profuit
311 1638 348 1672 π’
399 1643 419 1673 9
435 1639 640 1673 catafracta
655 1640 694 1672 H
727 1639 886 1673 texenda
901 1641 940 1673 H
950 1640 1131 1684 tegendas
1141 1653 1157 1674 ε
1208 1641 1439 1675 munimenta
1453 1642 1474 1675 δ

222 1686 304 1721 CAP.
331 1686 374 1720 X.
428 1691 470 1720 10
499 1686 584 1732 [est]
615 1688 651 1719 H
720 1690 758 1720 11
788 1686 903 1720 muris
924 1686 959 1721 A
1027 1687 1189 1731 praestet
1216 1688 1259 1732 G,
1339 1692 1380 1722 13
1407 1687 1474 1723 sie-

122 1733 224 1768 ciora
247 1735 306 1775 (ex
332 1745 386 1767 -re
413 1744 501 1768 corr.
529 1733 580 1777 A)
605 1733 733 1767 A'HV
754 1733 903 1768 sictiora
927 1733 966 1767 D
992 1733 1148 1769 siociora
1174 1735 1224 1769 M
1243 1735 1271 1769 si
1296 1735 1436 1769 alciora
1456 1738 1474 1769 λ

120 1780 151 1814 si
177 1780 311 1815 altiora
332 1780 367 1815 P
384 1780 570 1815 Schwebel.
590 1801 636 1805 ——
661 1781 711 1815 In
737 1782 969 1816 distinctione
994 1782 1105 1816 huius
1129 1783 1308 1817 orationis
1326 1784 1475 1817 membri

125 1827 294 1872 (sicciora
319 1849 362 1852 —
391 1827 522 1871 uenas)
548 1829 738 1863 editionem
766 1827 1008 1863 Gozomssmvzsem
1033 1831 1163 1872 (1524)
1188 1831 1301 1864 secuti
1331 1841 1474 1873 sicinus,-

120 1877 232 1920 uulqo
258 1878 341 1910 (corte
366 1875 404 1909 in
430 1874 565 1919 quibus
587 1886 739 1919 comma,
768 1879 851 1920 post
877 1875 1029 1910 castella,
1054 1878 1157 1911 colon
1177 1878 1332 1921 ponitur

122 1926 166 1956 15
187 1924 291 1957 extra
310 1934 357 1957 m.
378 1922 419 1968 i.]
441 1922 487 1956 ad
508 1923 672 1957 extrema
690 1923 785 1957 muri
805 1922 992 1957 inferioris
1008 1924 1030 1956 δ
1078 1923 1188 1970 font]
1209 1924 1392 1959 montium
1413 1924 1477 1959 aP

172 1974 214 2005 18
240 1970 342 2004 iactu
370 1970 406 2003 P
478 1973 520 2003 19
548 1970 672 2014 quem]
700 1970 799 2014 quod
825 1970 933 2015 λπἿ)2
1015 1974 1059 2005 20
1086 1970 1409 2018 sagittari0s[que]
1438 1974 1478 2006 H

170 2015 343 2052 constitui
369 2018 410 2051 ut
439 2016 500 2051 Gn
539 2015 739 2052 constituat
764 2017 800 2051 A
827 2017 1027 2052 constituat
1053 2019 1095 2052 ut
1121 2031 1145 2063 μ

148 2088 182 2123 S.
210 2089 249 2123 L.
324 2092 344 2122 2
373 2087 581 2133 obsidione]
610 2087 832 2123 obsiditione
858 2087 903 2122 A'
988 2088 1143 2133 capituli
1169 2090 1216 2134 A,
1249 2089 1404 2134 capitoli
1431 2090 1481 2124 M

212 2140 234 2169 4
260 2134 434 2180 abscisos]
464 2135 602 2169 absciso
631 2137 669 2169 H
763 2134 872 2181 uiris]
899 2134 1000 2170 uires
1021 2136 1069 2181 A,
1172 2137 1340 2181 optulere
1368 2139 1407 2170 H

123 2186 144 2217 8
171 2182 300 2228 cruda]
328 2194 435 2217 crura
460 2183 495 2216 α’

219 2229 301 2264 CAP.
328 2230 371 2265 X.
424 2234 467 2264 10
493 2229 691 2275 perennes]
713 2229 965 2274 perhennisH
1013 2234 1053 2263 12
1081 2230 1249 2276 haustus]
1278 2230 1475 2276 austusAtt

199 2280 240 2310 15
267 2276 484 2321 repperiunt
510 2290 525 2311 ε
610 2281 652 2312 16
679 2278 896 2322 protegunt]
923 2277 1134 2322 prodegunt
1160 2278 1208 2311 M
1290 2282 1331 2312 18
1359 2278 1472 2324 cliuo]

122 2324 220 2358 clibo
247 2323 281 2357 α’
371 2328 412 2358 19
440 2324 635 2368 paruolum
662 2337 685 2358 α
766 2324 941 2370 burgum]
969 2336 1128 2369 nurgum
1154 2327 1194 2358 H
1277 2329 1320 2360 21
1348 2326 1474 2360 defen·

121 2370 247 2416 datur]
275 2371 448 2405 fendatur
474 2372 520 2416 A,
