1638 2620
183 111 267 154 106
685 113 765 148 Lib.
792 112 854 157 ΙΙΙ,
884 117 937 147 19.
964 116 1020 148 20.

182 224 275 264 que,
308 224 357 250 ne
391 211 463 251 sub
496 218 691 263 ternpore,
735 223 811 262 quo
844 212 920 249 iam
953 213 1211 250 committitur
1249 224 1395 263 pugna,
1427 212 1526 251 uelis

181 271 340 309 ordines
373 279 614 310 commutare
647 277 713 309 aut
746 270 793 309 de
829 270 925 309 locis
964 271 1045 309 suis
1078 270 1228 321 aliquos
1260 283 1447 310 numeros
1480 271 1526 309 ad

181 329 251 368 alia
286 331 513 368 transferre.
572 329 710 368 Statim
740 330 844 368 enim
871 330 1046 367 nascitur
1072 329 1265 368 tumultus
1293 335 1409 381 atque
1436 342 1526 368 con-

181 389 296 440 fusio,
318 393 356 427 et
376 390 414 426 in
437 390 649 439 imparatos
668 387 1002 439 conturbatosque
1018 388 1170 427 facilius
1186 388 1309 427 hostis
1324 388 1527 427 incumbit.

61 460 101 486 Qu
103 462 128 481 ot
134 466 230 516 pgeern
218 461 276 481 ribu
379 446 461 486 XX.
487 447 828 498 Depugnationum
853 453 1003 498 septem
1032 452 1124 486 sunt
1149 459 1292 498 genera
1322 446 1386 485 uel
1412 447 1528 498 modi,

134 491 222 540 111ι
225 496 312 545 ιιιιο111
324 518 414 544 cum
446 506 589 544 Infesta
617 518 663 544 ex
689 511 855 557 utlaque
882 511 993 557 parte
1029 507 1138 557 signa
1171 506 1398 557 confligunt.
1448 505 1529 544 Vna

156 556 250 575 1111(11

88 585 116 599 or
147 585 252 599 numero
282 555 310 599 ’ἔτ
324 565 561 616 depugnatio
577 571 636 604 est
651 565 685 603 f1
689 570 780 604 onte
796 565 910 616 longa
926 565 1075 615 quadro
1091 567 1279 616 exercitu,
1295 567 1398 603 sicut
1412 566 1528 603 etiam

37 614 189 658 otlnlssi-affi
178 610 202 629 11
220 608 298 629 11111111
283 595 451 662 1111101100
460 629 500 662 et
525 635 648 675 prope
682 636 838 674 semper
865 623 964 662 solet
994 623 1189 674 proelium
1215 624 1311 662 fieri
1358 623 1435 662 Sed
1455 623 1529 662 hoc

181 695 305 733 genus
333 683 633 734 depugnationis
658 684 777 734 periti
797 694 997 721 armorum
1021 694 1098 720 non
1127 684 1317 733 optimum
1344 682 1529 734 iudicant,

127 750 161 775 10
181 743 284 794 quia,
304 743 343 780 in
363 741 516 792 prolixo
540 743 664 792 spatio
685 754 774 780 cum
803 741 978 780 tenditur
999 743 1114 793 acies,
1139 753 1216 779 non
1237 741 1409 792 aequalis
1431 753 1529 779 sem-

178 813 250 852 per
271 813 433 851 campus
459 802 646 853 occurrit,
674 806 712 839 et
737 803 774 839 si
799 801 927 839 hiatus
954 800 1072 851 aliqui
1105 802 1144 838 in
1171 800 1299 838 medio
1328 799 1392 838 uel
1418 801 1529 838 sinus

181 866 248 898 aut
275 865 490 898 curuatura
523 860 576 912 fit,
609 861 648 898 in
683 872 727 898 eo
761 859 845 897 loco
879 861 982 897 acies
1016 860 1245 910 frequenter
1277 860 1528 910 inrumpitur.

39 496 140 540 affl

38 550 113 599 moido

38 578 77 599 ser

38 586 107 628 uix-lii

204 973 245 1008 V.
272 972 312 1007 L.
365 977 382 1007 1
406 973 513 1018 [iam]
536 985 551 1007 ε
603 976 624 1006 4
652 974 689 1007 et
707 972 746 1007 in
763 971 931 1017 iparatos
946 972 1257 1017 conturbatosque
1282 972 1333 1018 A2
1365 972 1527 1007 Oudend.

181 1021 219 1054 et
243 1019 321 1054 uim
347 1019 500 1065 paratos
516 1032 545 1055 c.
574 1021 766 1064 (siquidem
784 1024 876 1055 recte
901 1031 1023 1054 erasas
1049 1021 1133 1055 illas
1158 1024 1230 1055 tres
1256 1021 1395 1054 litteras
1422 1018 1527 1063 (uim)

179 1068 340 1112 dispesci)
370 1067 417 1112 Al
464 1068 502 1102 et
540 1067 603 1111 qui
647 1067 840 1112 inparatos
873 1078 902 1101 c.
932 1068 1177 1102 MBernewsis
1220 1068 1331 1110 atque
1371 1066 1530 1111 inspera-

179 1114 240 1149 tos
261 1125 290 1149 c.
317 1114 406 1149 Par.
435 1117 531 1150 7230
556 1114 593 1149 Α
625 1117 662 1148 et
693 1114 787 1158 quos
814 1113 1006 1158 inparatos
1033 1126 1062 1149 c.
1089 1117 1107 1148 λ
1140 1116 1177 1148 et
1202 1113 1408 1158 imparatos
1437 1124 1466 1147 c.
1494 1115 1532 1147 H

180 1162 269 1206 quia
294 1161 486 1205 inparatos
507 1173 535 1197 e.
564 1173 652 1196 corr.
683 1164 721 1204 (a
740 1161 808 1199 212)
833 1162 873 1195 iri
899 1164 936 1195 et
962 1161 1056 1204 quos
1076 1161 1098 1195 i.
1121 1172 1148 1195 c.
1172 1161 1208 1195 P
1229 1162 1317 1205 quia
1343 1160 1534 1205 inparatos

181 1211 290 1244 corde
317 1208 452 1253 unia
478 1208 670 1253 inparatos
693 1209 756 1254 [c.]
778 1210 816 1243 D
843 1208 931 1252 quia
956 1208 995 1242 in
1014 1208 1206 1252 inparatos
1221 1207 1530 1252 conturbatosque

183 1256 265 1291 Otto
292 1256 329 1290 et
354 1256 538 1300 inparatis
565 1255 864 1300 conturbatisque
897 1256 1006 1300 uulyo
1103 1259 1125 1290 4
1150 1255 1317 1302 facilius]
1346 1255 1530 1290 inuenerit

178 1304 202 1338 f.
230 1306 248 1338 λ
269 1307 354 1348 post
379 1304 530 1339 intrusit
556 1303 742 1337 inuenerit
770 1304 805 1337 P

275 1350 358 1385 CAP.
384 1351 462 1385 XX.
562 1355 582 1384 6
609 1350 828 1395 confligunt]
855 1349 1031 1395 infligunt
1057 1352 1097 1384 H
1189 1350 1270 1384 Vna
1290 1370 1333 1375 —-
1354 1348 1528 1393 exercitu,

177 1398 330 1441 fortasse
361 1402 473 1433 totum
504 1398 569 1432 hoc
599 1399 642 1432 de
673 1399 1006 1443 depuynatessombus
1037 1401 1164 1440 eaput,
1201 1399 1249 1432 ad
1277 1397 1445 1432 Catonem
1478 1407 1530 1431 re-

179 1446 367 1488 ferendum
481 1449 499 1479 7
527 1445 654 1490 longa]
684 1445 796 1489 longo
825 1445 914 1479 Cato
1024 1445 1181 1490 quadro]
1211 1444 1300 1488 quia
1327 1444 1466 1488 quadro
1495 1445 1534 1477 Π

179 1493 363 1536 quadrato
398 1492 504 1535 Cato,
540 1494 651 1536 uulyo
683 1497 766 1526 ante
792 1493 976 1526 Schwebel.
1103 1496 1145 1526 10
1174 1492 1242 1537 [in]
1271 1492 1330 1526 ὃΡ
1447 1502 1531 1526 cum

179 1540 345 1574 tenditur
366 1542 425 1574 εΠ
442 1542 543 1582 (Mam
564 1539 597 1574 Gr
623 1550 761 1584 quoque
780 1541 874 1573 hanc
894 1540 1076 1573 lectionem
1089 1540 1301 1583 praebuisse
1323 1550 1415 1582 cum,
1436 1539 1531 1583 quod

178 1588 297 1622 (adhuc
322 1590 438 1629 extat,
464 1588 615 1630 probat)
648 1587 884 1621 contenditur
917 1587 1005 1620 Par.
1028 1589 1122 1621 7230
1142 1587 1178 1621 A
1199 1587 1274 1629 ὃΡ,·
1305 1587 1416 1631 uulyo
1448 1597 1531 1620 eum

179 1639 264 1670 ante
289 1634 327 1668 in
359 1635 452 1678 prol.
485 1633 536 1679 sp.
568 1634 745 1669 inseritur
868 1638 907 1668 11
941 1633 1022 1668 hiat
1053 1633 1168 1677 aliqui
1200 1634 1222 1668 i.
1256 1632 1379 1667 medio
1407 1632 1467 1667 uel
1494 1631 1528 1666 α’

179 1683 272 1739 11131311
286 1704 424 1750 aliquis
452 1705 490 1739 in
523 1717 570 1740 m.
604 1717 638 1739 u.
664 1705 714 1750 Α2
750 1703 832 1738 hiat
857 1703 1043 1748 adigqui
1069 1703 1092 1738 i.
1120 1716 1167 1738 m.
1194 1717 1228 1739 u.
1257 1715 1348 1739 corr.
1375 1715 1464 1739 eras.
1492 1704 1530 1738 in

178 1751 498 1796 hiajtalizqui
523 1751 546 1786 i.
573 1764 620 1788 m.
647 1762 681 1785 u.
709 1752 799 1786 Par.
821 1754 921 1787 7230
941 1753 976 1786 A
1004 1751 1042 1786 hi
1069 1751 1115 1786 ad
1142 1750 1286 1796 aliquid
1311 1752 1334 1785 i.
1361 1764 1409 1785 m.
1436 1763 1470 1786 u.
1489 1751 1533 1805 ,V

178 1822 306 1858 hiatus
327 1822 468 1867 aliquid
495 1823 570 1867 (sed
590 1823 613 1856 d
638 1823 662 1858 i
685 1823 706 1856 1.
727 1833 792 1864 er.>
790 1836 796 1842 ·
821 1823 939 1857 subest
959 1822 991 1867 s)
1018 1823 1041 1857 i
1062 1834 1109 1856 m.
1130 1835 1164 1856 u.
1186 1825 1223 1856 Π
1247 1808 1330 1867 hir}
1359 1821 1406 1855 ad
1427 1808 1529 1866 alidd

180 1871 256 1916 (dal
281 1872 323 1905 iri
349 1871 371 1905 l.
398 1872 459 1913 er.)
492 1869 531 1904 in
563 1882 610 1906 m.
646 1870 714 1915 [u.]
745 1869 784 1903 D
815 1870 860 1904 esi
891 1870 930 1904 in
963 1869 1043 1904 eius
1070 1872 1174 1914 parte
1207 1870 1267 1904 uel
1298 1869 1337 1903 in
1361 1869 1484 1903 medio
1512 1872 1530 1903 λ

178 1930 286 1963 quam
313 1919 495 1953 lectionem
520 1917 556 1951 P
584 1928 720 1962 quoque
751 1918 811 1952 sed
844 1919 884 1952 iri
916 1919 937 1952 Ζ
971 1928 1072 1952 eraso
1098 1918 1247 1970 praebet
1279 1927 1362 1950 cum
1387 1916 1426 1950 in
1453 1915 1533 1950 eius

178 1966 285 2010 parte
310 1966 421 2010 uulyo
519 1964 634 2009 [sinus
650 1985 694 1989 —
714 1964 813 2009 loco]
842 1964 880 1998 D
979 1968 1020 1998 12
1049 1966 1085 1999 et
1111 1966 1149 1998 in
1174 1974 1216 1998 eo
1242 1964 1324 1998 loco
1352 1976 1378 1997 π
1403 1964 1466 1998 7206
1493 1965 1529 1997 et

178 2013 451 2056 interpolatoris
476 2022 546 2046 esse
572 2015 734 2056 apparet.
788 2012 917 2046 Totum
944 2013 1059 2046 Iocum
1091 2013 1186 2046 hunc
1210 2012 1251 2045 iri
1276 2011 1419 2045 modum
1446 2021 1528 2045 corz-
1572 2014 1575 2016 ’

178 2061 357 2095 stituerim
391 2060 445 2094 ‘et
474 2060 507 2093 si
544 2058 670 2093 hiatus
703 2058 821 2102 aliqui
855 2058 893 2093 in
928 2059 1050 2093 medio
1083 2059 1142 2093 uel
1177 2058 1277 2092 sinus
1303 2059 1369 2092 aut
1400 2069 1528 2092 curua-

177 2109 263 2142 tura
293 2107 352 2150 fit,
391 2107 429 2141 in
468 2117 510 2140 eo
548 2106 571 2141 1.
604 2106 785 2148 (Ozictencl.
819 2110 933 2141 censet
971 2109 1009 2141 et
1045 2105 1074 2139 si
1112 2105 1193 2140 hiat
1225 2105 1425 2149 aliquando
1458 2106 1527 2141 ete.

177 2155 421 2198 scribendum)

204 2259 238 2294 S.
265 2259 303 2294 L.
404 2264 420 2294 1
450 2261 538 2306 quo]
566 2273 606 2305 q3
634 2260 681 2305 Al

275 2306 355 2341 CAP.
382 2307 461 2343 XX.
561 2311 580 2342 7
607 2306 770 2342 exercitu
797 2306 905 2353 sicut]
934 2306 1117 2341 exercit-us
1138 2306 1230 2340 sicut
1256 2308 1295 2340 H
1411 2309 1452 2339 12
1479 2305 1526 2339 ir-

178 2353 364 2399 rumpitur
389 2357 428 2389 H
