1638 2620
631 127 710 162 Lib.
737 127 780 169 ΙΙ,
809 131 861 162 15.
1366 127 1423 169 49

78 226 222 272 Quinta
254 236 349 264 uero
383 223 523 263 cohors
556 226 761 264 sinistrum
794 226 959 277 suscipit
991 238 1166 264 cornum.
1223 226 1300 265 Sed
1333 232 1422 265 ante

77 287 186 336 signa
226 289 264 323 et
302 284 406 322 circa
444 284 553 333 signa
591 296 663 322 nec
702 296 780 323 non
819 286 935 323 etiam
967 285 1007 323 in
1041 286 1164 335 prima
1197 286 1280 323 acie
1313 285 1423 324 dimi-

77 349 210 391 cantes
241 343 441 393 principes
479 341 753 394 uocabantur[,
793 343 866 382 hoc
908 348 968 382 est
1000 343 1187 382 ordinarii
1220 346 1422 395 ceterique

76 400 343 454 principales]
406 399 510 439 Haec
550 406 633 440 erat
671 404 802 452 grauis
841 407 1055 454 armatura,
1096 404 1187 453 quia
1228 402 1422 442 habebant

76 460 247 499 cassides
295 459 525 498 catafractas
570 471 706 498 ocreas
754 466 864 499 scuta
905 461 1053 512 gladios
1094 463 1279 514 maiores,
1323 472 1457 513 quos5

76 519 233 570 spathas
265 523 426 570 uocant,
459 524 498 557 et
529 517 626 557 alios
647 520 849 571 minores,
883 532 982 570 quos
1015 520 1266 571 semispathia
1300 523 1421 560 nomi-

75 583 189 630 nant,
220 576 439 628 plumbatas
473 579 610 628 quinas
643 579 789 628 positas
822 579 861 615 in
895 580 1035 629 scutis,
1069 592 1164 630 quas
1197 581 1324 630 primo
1351 581 1422 619 im-

74 642 170 688 petu
196 637 363 688 iaciunt,
388 638 483 675 item
509 636 598 674 bina
624 636 844 687 missibilia,
872 649 994 675 unum
1022 639 1146 676 maius
1173 638 1278 677 ferro
1301 641 1421 678 trian-

75 695 165 747 gulo
198 696 404 734 unciarum
438 707 598 747 nouem,
631 695 759 733 hastili
786 695 930 746 pedum
958 697 1132 747 quinque
1160 700 1289 750 semis,
1317 699 1421 749 quod

74 754 196 805 pilum
234 753 444 805 uocabant,
483 766 588 792 nunc
627 754 822 805 spiculum
861 754 1021 806 dicitur,
1062 755 1108 793 ad
1148 758 1260 795 cuius
1300 759 1421 796 ictum
1444 767 1476 791 10

74 813 360 851 exercebantur
398 814 609 864 praecipue
649 813 809 864 milites,
849 813 953 864 quod
993 819 1075 852 arte
1115 820 1153 853 et
1185 816 1332 854 uirtute
1367 817 1421 854 di-

75 877 228 910 rectum
256 877 294 910 et
320 877 493 910 scutatos
521 871 671 922 pedites
698 877 737 910 et
762 872 946 910 loricatos
973 874 1126 923 equites
1154 886 1269 925 saepe
1298 880 1421 913 trans-

74 930 276 982 uerberat,
322 930 424 969 aliud
470 932 600 969 minus
648 931 752 969 ferro
798 932 1002 970 unciarum
1051 933 1243 984 quinque,
1292 933 1422 972 hastili

74 989 218 1040 pedum
246 991 365 1028 trium
393 991 528 1041 semis,
556 989 660 1040 quod
695 995 788 1028 tunc
824 990 1063 1041 uericulum,
1097 1003 1201 1029 nunc
1235 997 1422 1030 uerutum

75 1048 230 1087 dicitur.
272 1048 401 1087 Prima
422 1049 524 1087 acies
550 1047 806 1100 prIncipum[,
828 1049 999 1087 secunda
1019 1048 1280 1100 hastatorum]
1303 1052 1422 1089 armis
1444 1062 1476 1086 15

75 1107 217 1145 talibus
239 1107 402 1146 docetur
423 1108 626 1146 instructa.
677 1107 770 1146 Post
797 1107 867 1146 hos
894 1115 1007 1146 erant
1033 1109 1236 1146 ferentarii
1264 1115 1302 1148 et
1322 1109 1421 1148 leuis

75 1171 288 1218 armatura,
322 1178 420 1217 quos
454 1179 557 1205 nunc
597 1166 866 1205 exculcatores
906 1173 944 1205 et
986 1174 1202 1206 armaturas
1243 1168 1422 1220 dicimus,

75 1226 219 1263 scutati
243 1223 345 1276 [qui]
371 1225 581 1275 plumbatis
603 1225 739 1276 gladiis
767 1231 805 1264 et
831 1225 1087 1264 missibilibus
1115 1228 1293 1278 accincti,
1321 1229 1423 1266 sicut

76 1296 179 1322 nunc
219 1296 340 1335 prope
386 1296 521 1322 omnes
567 1284 708 1323 milites
755 1284 939 1323 uidentur
984 1287 1138 1337 armati,
1178 1292 1290 1324 erant
1329 1288 1421 1325 item

75 1344 265 1394 sagittarii
297 1355 387 1381 cum
420 1343 638 1381 cassidibus
675 1344 896 1382 catafractis
935 1350 974 1382 et
1005 1344 1160 1395 gladiis,
1200 1347 1351 1396 sagittis
1384 1352 1422 1384 et
1443 1356 1476 1381 20

98 1432 141 1467 V.
162 1432 200 1466 L.
255 1437 271 1466 1
294 1444 405 1468 cornu
420 1435 466 1466 λπ
517 1433 588 1467 Sed
607 1433 644 1467 in
665 1445 717 1477 pr.
736 1433 815 1468 acie
836 1445 902 1468 nec
923 1445 996 1468 non
1018 1434 1129 1468 etiam
1152 1435 1236 1469 ante
1258 1435 1364 1480 signa
1385 1437 1422 1469 et

75 1491 103 1513 c.
121 1492 146 1514 s.
168 1479 214 1513 R.
230 1480 283 1514 M.
336 1481 421 1514 ante
437 1480 543 1524 signfi
559 1480 591 1514 G
645 1484 664 1514 2
687 1480 798 1526 circa]
815 1481 909 1515 citra
923 1481 1022 1526 uuly.
1076 1486 1095 1515 3
1116 1482 1297 1516 uocantur
1312 1484 1422 1528 zlzllyo

148 1527 428 1572 [hoc—princ]
445 1527 582 1562 Gemoll
644 1532 665 1561 4
687 1527 790 1573 quia]
807 1527 869 1571 qui
884 1528 941 1561 λΡ
958 1539 1028 1572 que
1045 1530 1083 1562 Π
1130 1529 1294 1563 habebat
1315 1531 1354 1563 Π

76 1578 95 1608 6
111 1573 204 1618 quas
213 1573 275 1619 Αμ
326 1574 559 1619 semispathia
574 1576 636 1619 μΡ
652 1574 860 1619 semispatia
874 1575 919 1609 A'
942 1575 1198 1620 semispathias
1209 1577 1248 1609 Π
1266 1576 1319 1622 [et
1333 1577 1427 1611 alias

75 1621 162 1655 min.
184 1641 227 1646 —
248 1622 455 1667 nominant]
480 1622 514 1655 V
536 1621 747 1665 semispatifi
767 1623 805 1655 D
832 1622 1073 1666 semispathas
1094 1624 1205 1667 ‘zczfclsso
1257 1628 1274 1657 7
1304 1624 1423 1668 plum-

75 1669 255 1712 batasque
271 1669 402 1713 quinas
417 1670 493 1704 Ser.
546 1673 566 1704 8
581 1668 731 1704 missilia
744 1669 816 1703 ΠΡ
864 1673 883 1704 9
899 1669 1030 1704 hastile
1044 1670 1078 1703 P
1122 1672 1273 1714 nouem]
1290 1682 1423 1705 nouem

76 1714 150 1750 siue
165 1716 291 1760 pedali
306 1717 345 1749 Π
398 1718 434 1751 et
449 1715 624 1750 semisaP
673 1720 714 1750 10
729 1717 845 1761 pilum
860 1719 946 1750 tunc
963 1718 1148 1751 uocabant
1164 1719 1201 1750 Π
1252 1722 1292 1751 12
1307 1718 1422 1751 *rans-

75 1762 297 1798 uerberabat
318 1763 353 1797 P
412 1767 452 1797 13
473 1762 496 1797 f.
518 1763 706 1808 triangulo
727 1776 760 1797 u.
781 1765 892 1808 uulgo
947 1764 1080 1798 hastile
1094 1764 1202 1808 zPG2
1257 1768 1298 1798 14
1320 1764 1429 1799 semis

74 1810 187 1845 trium
209 1812 244 1844 A
294 1810 517 1845 ueri-iculum
541 1811 569 1845 O
627 1812 800 1845 uerutum
821 1812 842 1845 δ
862 1813 1053 1845 uerrutum
1073 1810 1261 1857 ΑμΠΡΟἶ2
1286 1812 1347 1846 uel
1365 1825 1423 1846 ru-

75 1858 154 1891 tum
170 1857 214 1902 G,
273 1861 314 1891 15
330 1857 449 1902 prima
464 1869 495 1893 a.
510 1870 563 1902 pr.
582 1858 605 1903 [,
623 1858 784 1892 secunda
797 1857 909 1903 hast]
927 1870 958 1893 a.
974 1860 1000 1892 t.
1018 1859 1051 1893 d.
1067 1859 1089 1893 i.
1106 1859 1212 1903 Lcmq
1228 1858 1364 1904 [prima
1379 1880 1421 1884 -—

76 1903 268 1950 instructa]
286 1904 407 1948 EM„
429 1906 492 1949 qui
510 1906 603 1940 idem
623 1909 712 1940 recte
731 1910 886 1941 eaetremo
907 1907 1024 1950 capite
1040 1917 1130 1950 quae
1146 1907 1345 1941 traduntur
1359 1905 1423 1941 Se-

76 1952 196 1986 cunda
205 1951 304 1987 acies
313 1973 353 1977 —-
366 1963 517 1987 cornum
531 1953 600 1987 huc
613 1954 838 1997 transposita
850 1954 944 1996 uult,
954 1953 1090 1988 Gemoll
1097 1967 1108 1995 ,·
1123 1954 1262 1996 defend.
1273 1953 1423 1988 Farster

77 2000 97 2034 l.
116 2000 185 2043 lp.
201 2002 252 2035 24
303 2003 345 2034 16
361 1999 571 2034 ferrentarii
586 2000 620 2034 G
670 2004 711 2035 17
729 2001 937 2035 armaturae
951 2003 969 2035 λ
1021 2001 1113 2046 exc]
1131 2000 1383 2035 excalcutores
1396 2001 1428 2035 V

77 2047 122 2089 ef.
143 2046 419 2091 proculcatores
437 2049 550 2081 Amm.
580 2047 698 2083 Marc.
718 2050 779 2090 27,
802 2051 860 2091 10,
882 2051 929 2082 10
955 2047 1177 2082 sculcatores
1198 2049 1254 2082 uel
1280 2047 1422 2083 scultat.

75 2093 226 2128 Schuch.
242 2094 281 2136 (l.
295 2095 315 2129 l.
330 2095 385 2127 II
395 2096 480 2136 374)
526 2097 567 2128 18
586 2094 721 2128 scutati
737 2094 834 2140 [qui]
854 2095 961 2139 [Λευὶς]
1011 2094 1254 2129 missilibusD
1274 2094 1424 2129 messili-

76 2139 186 2175 busP
222 2141 395 2187 accincti]
405 2152 435 2175 a.
447 2141 529 2177 sunt
539 2142 614 2176 ΒΡ
623 2141 716 2176 Giss.
758 2145 799 2176 19
814 2143 929 2176 erant.
941 2142 1101 2176 ItemsH
1138 2142 1254 2176 Erant
1263 2141 1426 2186 igiturP

103 2223 136 2257 S.
165 2223 203 2256 L.
304 2228 320 2258 1
350 2223 513 2270 suscipit]
548 2224 704 2268 suscepit
736 2224 770 2258 A
900 2229 919 2259 3
947 2223 1141 2270 ordinarii]
1176 2223 1340 2259 ordinari
1372 2226 1418 2270 Al

144 2274 163 2305 6
190 2270 315 2315 spatas
332 2271 361 2305 O
424 2271 517 2316 quos
539 2271 695 2317 semisp]
718 2282 789 2316 quo
812 2271 950 2316 semisp.
973 2271 1007 2305 α’
1075 2271 1284 2317 nominant]
1305 2271 1424 2306 nomi-

77 2318 212 2351 nantur
239 2318 273 2351 A
354 2322 373 2353 9
401 2319 588 2353 untiarum
615 2320 675 2363 pl}
757 2323 798 2353 10
825 2318 956 2364 ictum]
984 2318 1061 2353 ictu
1089 2320 1127 2352 Π
1200 2323 1242 2353 13
1269 2319 1363 2354 aliut
1389 2321 1423 2353 a'

160 2365 344 2400 untiarum
372 2366 432 2410 μθ
517 2370 558 2400 15
587 2367 787 2401 astatorum
815 2367 853 2400 Π
932 2370 972 2400 16
998 2365 1191 2411 instructa]
1212 2365 1362 2401 infricta
1382 2368 1430 2401 M

148 2430 322 2456 Vncmms.
1190 2429 1211 2459 4
