1638 2620
186 95 242 136 42
725 94 804 130 Lib.
831 96 875 140 11,
902 100 931 130 7.
961 99 992 131 8.

184 196 252 245 qui
279 194 462 244 singulas.
513 194 714 233 Mensores
742 195 809 244 qui
834 195 874 232 in
901 195 1040 232 castris
1066 194 1112 232 ad
1145 194 1366 245 podismum
1399 193 1528 233 deme-

184 255 337 292 tiuntur
364 253 458 304 loca,
490 255 529 291 in
557 252 700 304 quibus
727 254 895 290 tentoria
927 252 1068 291 milites
1101 253 1232 305 figant,
1265 253 1328 291 uel
1360 253 1529 304 hospitia

184 313 224 350 in
257 312 484 351 cluitatihus
515 317 727 362 praestant.
784 311 973 362 Torquati
1005 311 1199 363 duplares,
1232 313 1406 362 torquati
1439 313 1528 350 sim-

184 371 331 422 plares;
358 376 520 421 torques
541 382 685 408 aureus
706 369 854 408 solidus
876 371 1035 409 uirtutis
1061 372 1278 420 praemium
1301 370 1384 421 fuit,
1411 383 1530 421 quem

146 438 163 462 5
187 431 254 481 qui
285 430 496 468 meruisset
534 434 692 480 praeter
729 428 882 467 laudem
915 429 1113 468 interdum
1145 429 1282 480 duplas
1315 441 1529 480 conseque-

183 489 298 527 hatur
325 500 509 526 annonas.
559 487 761 540 Duplares,
789 488 1068 538 sesquiplares:
1101 488 1283 538 duplares
1311 488 1418 540 duas,
1451 500 1530 527 ses-

185 547 382 598 quiplares
412 559 528 585 unam
556 548 674 585 semis
701 546 1046 597 cmisequehantur
1072 559 1275 585 annonam.
1328 546 1531 586 Candidati

185 605 379 657 duplares,
413 605 608 644 candidati
639 605 855 656 simplares.
907 605 954 643 Hi
987 611 1079 644 sunt
1111 605 1254 644 milites
1280 605 1528 657 principales,

185 666 253 715 qui
290 664 508 715 priuilegiis
547 666 790 703 muniuntur.
847 664 1003 715 Reliqui
1036 664 1240 703 munifices
1273 663 1530 717 appellantur,

131 733 164 756 10
185 725 274 774 quia
306 735 470 761 munera
502 724 631 762 face1e
665 728 870 774 coguntur.

40 796 307 831 Nmpiuaeormfflui
391 781 486 820 VIII.
520 781 640 821 Vetus
667 788 796 820 tamen
824 781 1068 820 consuetudo
1096 783 1234 834 tenuit,
1261 787 1305 820 ut
1331 794 1377 820 ex
1402 783 1530 848 primo

40 827 295 876 ἓίἶὲἒιζῖῗίῖι.ωὼ“ε
325 842 501 892 principe
522 841 687 891 legionis
707 847 1009 892 plomoueretur
1030 842 1209 879 centulio
1229 842 1346 892 piimi
1367 840 1446 891 pili,
1464 841 1531 891 qui

182 912 260 938 non
282 900 407 938 solum
429 899 579 950 aquilae
600 912 646 951 pl
650 905 791 952 aeerat
813 912 952 938 uerum
975 901 1090 938 etiam
1112 905 1297 951 quattuor
1319 901 1530 950 centuiias,

183 959 257 997 hoc
284 964 344 997 est
370 967 485 997 0000
512 959 668 1010 milites,
701 961 741 997 in
767 960 892 1010 prima
919 959 1001 997 acie
1033 957 1287 1010 gubernabat.
1336 957 1408 996 Hic
1434 964 1532 996 tam-

130 1028 162 1051 15
184 1030 299 1068 quam
334 1024 450 1068 caput
482 1019 604 1056 totius
639 1018 804 1068 legionis
836 1019 975 1056 merita
1007 1017 1322 1068 consequebatur
1355 1022 1393 1055 et
1426 1029 1529 1055 com-

184 1076 307 1115 moda.
363 1076 461 1115 Item
499 1078 650 1127 primus
690 1077 865 1115 hastatus
905 1077 1001 1114 duas
1040 1077 1256 1127 centurias,
1301 1075 1339 1113 id
1379 1081 1438 1113 est
1477 1084 1530 1114 00

183 1135 374 1187 homines,
407 1135 576 1174 ducebat
604 1137 643 1173 in
670 1137 752 1173 acie
780 1134 963 1183 secunda,
997 1147 1114 1186 quem
1140 1147 1246 1173 nunc
1273 1134 1529 1173 ducenarium

184 1200 336 1232 uocant.
386 1194 577 1245 Princeps
604 1200 733 1233 autem
760 1195 908 1245 primae
943 1194 1115 1232 cohortis
1149 1194 1367 1232 centuriam
1400 1194 1529 1244 semis,

206 1320 248 1354 V
273 1319 313 1354 L
367 1323 383 1353 1
412 1318 590 1354 mensuris
606 1320 628 1353 δ
654 1320 807 1363 (puncto
824 1322 906 1362 post
925 1318 1015 1363 sing.
1037 1319 1192 1362 sublato)
1251 1318 1362 1364 dem]
1385 1318 1529 1353 metun-

181 1368 243 1401 tur
270 1368 309 1400 H
408 1367 527 1411 figunt
554 1368 593 1400 H
696 1371 715 1400 3
742 1365 935 1410 simplares
958 1347 1255 1410 O⁰fesquip1ares
1276 1365 1434 1400 Scrmer.

182 1418 204 1448 4
229 1414 342 1458 toi-q]
370 1413 506 1457 quibus
527 1413 724 1464 torquesP
775 1412 930 1457 solidus]
958 1412 1095 1447 solidae
1116 1415 1133 1445 λ
1160 1412 1323 1447 soliusH
1375 1416 1394 1446 5
1422 1422 1532 1456 prop-

181 1463 239 1495 ter
264 1461 414 1495 laudem
440 1464 457 1495 λ
489 1472 546 1507 (331,
534 1466 587 1495 Jkt
612 1461 633 1494 l
659 1460 695 1494 P
801 1459 952 1505 duplas]
981 1459 1154 1503 duplares
1175 1463 1192 1493 λ
1294 1464 1313 1494 6
1341 1458 1531 1503 Duplares,

183 1507 434 1552 sesquiplares·
475 1506 651 1551 duplares
672 1507 776 1550 duas,
802 1507 1046 1551 sesquiplares
1067 1507 1176 1551 Lcmy
1203 1506 1377 1551 duplares
1398 1506 1534 1550 sinqui-

182 1555 307 1600 plares
328 1554 485 1599 (siquipl.
503 1555 548 1599 G)
576 1554 750 1598 duplares
768 1536 865 1588 'duas
886 1553 1140 1598 senquiplares
1156 1567 1172 1588 ε
1202 1553 1319 1599 [dupl.
1340 1552 1444 1599 sesq.]
1469 1553 1533 1587 du-

181 1602 306 1647 plares
334 1602 427 1636 duas
455 1602 514 1636 sex
546 1601 609 1645 qui
641 1601 764 1646 plares
787 1603 826 1635 H
861 1601 1035 1645 duplaref
1062 1601 1121 1635 sex
1153 1603 1212 1645 (ex
1241 1601 1292 1644 P)
1321 1600 1385 1645 qui
1411 1600 1536 1645 plures

182 1649 276 1683 duas
309 1648 427 1693 sesqui
459 1650 519 1683 δΡ
554 1648 729 1692 duplares
762 1648 855 1683 duas
888 1648 1130 1693 sesquiplares
1160 1648 1320 1683 Oudend.
1361 1647 1535 1692 duplares

182 1696 286 1740 duas,
314 1695 507 1741 simplares
527 1696 638 1740 uulgo
754 1700 798 1730 10
825 1696 912 1740 quia
937 1696 1090 1740 propter
1115 1706 1268 1730 munera
1295 1696 1461 1739 (numera
1487 1695 1530 1740 Q)

182 1744 303 1778 facere
328 1742 509 1778 miliciam
535 1742 658 1787 (milit.
686 1743 734 1787 P>
761 1744 944 1787 coguntur
970 1743 1025 1777 λΡ

278 1791 360 1826 CAP.
377 1790 472 1825 VIII.
513 1790 547 1824 V
545 1791 603 1825 ide
622 1791 664 1825 de
689 1791 753 1825 hoc
773 1791 889 1835 capite
914 1791 1068 1825 medelae
1093 1790 1298 1833 impatienti
1318 1789 1531 1824 Fo'rsterum

182 1839 204 1872 I.
227 1839 468 1882 l.p.13—20
549 1842 590 1871 11
618 1837 760 1883 tamen]
790 1839 914 1872 autem
933 1840 951 1871 λ
1009 1836 1064 1883 [in
1090 1836 1169 1872 acie
1202 1836 1374 1881 secunda]
1402 1836 1530 1881 Lange

183 1886 277 1929 (Just.
310 1897 353 1919 m.
387 1897 415 1919 r.
453 1896 497 1919 m.
532 1884 740 1930 111188)
858 1889 900 1920 18
932 1883 1105 1929 princeps
1132 1886 1258 1919 autem
1285 1883 1383 1918 sDP
1421 1884 1531 1928 uulgyo

184 1933 386 1967 Mommsen
423 1931 478 1974 (0.
513 1932 548 1966 Ι.
581 1896 625 1965 ΕΙ.
659 1931 752 1975 ΙΙΙ,
786 1935 876 1976 830)
912 1931 1099 1977 principes
1131 1933 1254 1965 autem
1292 1931 1326 1965 V
1362 1930 1535 1975 pnnoeps

183 1980 307 2014 autem
333 1978 513 2014 secundus
529 1980 568 2012 H
591 1978 795 2014 Salmasius
820 1981 862 2014 de
886 1991 916 2015 r.
943 1991 987 2014 m.
1009 1990 1036 2014 c.
1059 1982 1081 2012 6
1102 1978 1253 2013 Farster
1327 1976 1530 2012 centuriam

183 2028 220 2060 et
246 2026 356 2060 semis
383 2029 434 2069 (et
459 2038 482 2061 a
507 2029 532 2061 2
565 2027 757 2070 adiectam)
786 2028 825 2060 H
857 2038 1017 2072 premam
1048 2026 1230 2060 hastatum
1263 2029 1295 2060 et
1324 2026 1530 2069 principem

207 2144 241 2179 S.
268 2144 307 2179 L.
361 2148 378 2178 1
405 2144 606 2189 mensores]
635 2144 849 2188 messoresu
911 2148 931 2178 2
957 2142 1122 2188 hospicia
1142 2143 1192 2177 M
1246 2147 1267 2177 4
1292 2143 1378 2187 ‘corq
1380 2142 1437 2176 uis
1455 2142 1534 2176 HV

278 2196 297 2225 5
325 2192 475 2237 duplas]
505 2192 642 2236 duplax
670 2193 708 2225 H
801 2195 819 2225 7
841 2191 969 2236 unam]
996 2203 1108 2225 unum
1135 2204 1158 2224 α
1261 2155 1530 2233 οοῃΐὲᾳυθῦἃη-

182 2238 258 2283 tm]
287 2239 579 2282 consequebatui
604 2240 665 2283 ᾼμ
726 2238 925 2273 eandedati
951 2237 997 2272 A'
1054 2242 1074 2272 8
1101 2237 1297 2273 candedati
1317 2237 1362 2272 A
1420 2236 1474 2271 hii
1493 2236 1529 2270 A

280 2285 362 2320 CAP.
392 2286 487 2321 VHI.
541 2290 584 2320 14
610 2286 841 2330 gubernauat
867 2287 907 2320 H
1021 2288 1063 2318 16
1089 2284 1273 2331 hastatus]
1301 2283 1471 2319 hastatus
1492 2282 1526 2317 α’

183 2332 324 2368 astatus
345 2344 434 2368 com.
462 2334 502 2369 in
529 2333 670 2369 astatus
692 2333 724 2368 G
823 2331 1005 2368 centorias
1027 2332 1077 2366 M
