1638 2620
165 113 249 155 134
690 113 767 149 Lib.
796 113 876 157 ΗΠ,
902 117 933 148 8.
961 117 991 148 9.

164 213 328 252 uolubili
359 214 399 251 in
425 211 733 264 propugnaculis
760 212 1006 264 digeruntur,
1038 217 1083 251 ut
1110 212 1276 251 demissa
1303 224 1373 263 per
1399 224 1509 263 prae-

163 284 256 324 ceps
283 285 359 311 non
387 271 513 310 solum
540 271 675 310 hostes
702 270 872 310 obruant
897 270 1114 310 subeuntes
1141 271 1208 309 sed
1232 273 1347 310 etiam
1369 271 1512 310 machi-

163 337 345 370 namenta
391 331 652 381 confringant.
719 330 842 368 Rotae
881 342 1038 381 quoque
1077 330 1124 369 de
1162 330 1278 381 lignis
1317 330 1512 369 uiridibus

162 391 458 441 ingentissimae
487 389 740 441 fabricantur,
771 388 834 427 uel
862 390 1040 428 intercisi
1062 401 1108 428 ex
1130 389 1381 428 ualidissimis
1401 389 1511 427 arbo-

125 459 140 483 5
163 449 273 488 ribus
307 448 484 501 cylindri,
519 460 614 499 quas
646 448 766 487 taleas
793 454 948 500 uocant,
979 454 1024 486 ut
1051 450 1129 487 sint
1155 447 1360 500 uolubiles,
1392 448 1510 487 laeui-

108 754 142 777 10

23 876 149 901 Quidfaci

21 913 43 927 si
73 912 118 926 en
144 912 149 916 ⁴

163 513 317 559 gantur,
351 519 450 558 quae
477 520 548 559 per
576 519 745 558 pronum
772 506 941 546 labentia
968 507 1098 546 subito
1125 508 1276 558 impetu
1302 507 1512 546 bellatores

162 566 289 605 solent
317 565 459 617 [equos
482 565 657 617 quoque]
681 566 894 605 deterrere.
933 565 1082 605 Trabes
1105 579 1261 617 quoque
1284 572 1322 605 et
1342 565 1513 605 tabulata

164 625 225 663 nel
264 626 446 664 diuersae
484 625 765 676 magnitudinis
806 625 938 664 clauos
978 625 1128 663 ferreos
1163 637 1249 664 esse
1283 630 1440 676 oportet
1472 626 1512 663 in

162 690 359 735 promptu.
405 684 501 723 Nam
530 684 843 735 obpugnantium
869 683 1061 722 machinis
1088 696 1160 735 per
1186 684 1279 723 alias
1312 683 1513 723 machinas

164 745 372 782 consueuit
405 743 556 795 obsisti,
589 745 800 794 praecipue
834 755 924 782 cum
952 743 1093 782 subitis
1121 743 1309 794 operibus
1336 743 1513 782 addenda

162 804 213 841 sit
226 805 350 841 muris
361 802 426 841 uel
442 802 749 854 propugnaculis
765 802 941 854 altitudo,
958 814 1005 841 ne
1018 802 1337 841 aduersariorum
1351 802 1514 841 mobiles

152 876 298 902 endumsit,
308 867 439 901 turres
462 863 781 913 superemineant
803 868 841 900 et
863 863 1018 912 capiant
1039 863 1250 900 ciuitatem.
1284 860 1398 900 V1111.
1419 861 1514 900 Ner-

121 912 145 926 01
152 912 194 926 um
204 905 292 926 defue-

307 933 448 960 uorum
476 933 632 972 quoque
661 922 813 971 copiam
846 932 998 959 summo
1033 920 1162 959 studio
1190 921 1348 972 expedit
1373 920 1514 972 colligi,

164 981 254 1032 quia
287 982 423 1032 onagri
454 980 519 1019 uel
551 980 728 1018 ballistae
761 985 971 1030 ceteraque
1006 985 1200 1018 tormenta
1238 980 1315 1018 nisi
1353 979 1514 1018 funibus

127 1049 142 1074 5
164 1041 345 1078 neruinis
377 1041 527 1078 intenta
561 1039 657 1077 nihil
689 1044 867 1089 prosunt.
917 1039 1121 1089 Equorum
1148 1045 1277 1077 tamen
1306 1043 1434 1076 saetae
1468 1038 1515 1077 de

164 1098 298 1138 caudis
332 1111 375 1137 ac
402 1098 506 1137 iubis
534 1098 580 1136 ad
607 1097 781 1137 ballistas
809 1097 925 1136 utiles
953 1097 1203 1136 adseruntur.
1248 1097 1515 1136 Indubitatum

163 1170 260 1196 uero
294 1163 354 1196 est
386 1159 517 1196 crines
551 1158 784 1196 feminarum
818 1158 858 1195 in
886 1157 1079 1195 eiusmodi
1106 1157 1314 1196 tormentis
1341 1168 1419 1195 non
1446 1157 1515 1195 mi-

186 1284 231 1318 V.
246 1283 284 1317 L.
352 1287 368 1316 1
398 1282 615 1327 digeruntur
641 1283 678 1318 P
699 1282 910 1328 diriguntur
935 1282 974 1317 D
1033 1281 1186 1317 demissa
1212 1282 1233 1316 δ
1260 1281 1405 1316 dimissa
1426 1282 1520 1317 sHP

259 1335 278 1364 2
308 1330 465 1376 [hostes]
494 1332 606 1375 uulgo
704 1329 910 1365 obruantur
944 1330 977 1363 V
1071 1333 1091 1364 3
1119 1328 1375 1375 constringant
1401 1332 1439 1364 H

164 1382 186 1412 4
214 1378 307 1424 [uel]
336 1380 374 1412 H
469 1377 634 1413 intercisi
658 1391 685 1412 π
711 1376 893 1412 intercisis
915 1377 1029 1421 MGQ
1064 1376 1251 1412 intertesis
1273 1376 1396 1420 (-cesis
1417 1380 1456 1420 2)
1482 1377 1518 1411 L

164 1424 354 1460 intercesis
375 1426 410 1459 A
509 1430 529 1461 5
557 1425 715 1470 cylindri
742 1438 765 1459 oc
792 1423 940 1459 cilindri
966 1425 1027 1459 &P
1050 1423 1247 1459 chilindris
1268 1426 1286 1457 λ
1313 1424 1408 1468 cycli
1434 1426 1473 1458 H

165 1472 303 1519 taleas]
330 1472 461 1517 galeas
483 1474 506 1507 ὃ
588 1472 842 1518 laeuigantur]
870 1471 1056 1515 eligantur
1082 1474 1120 1505 Π
1199 1476 1217 1505 7
1246 1471 1364 1506 solent
1391 1471 1523 1518 [equos

166 1520 326 1565 qnoque]
350 1520 537 1555 deterrere
552 1520 661 1566 Lam]
682 1520 800 1554 solent
820 1519 936 1563 equos
952 1529 1099 1563 quoque
1120 1519 1286 1554 deterere
1302 1520 1335 1552 α’
1363 1518 1386 1552 s.
1409 1518 1524 1563 equos

166 1567 331 1611 quosque
358 1567 544 1602 deterrere
560 1568 593 1602 G
619 1567 642 1603 s.
671 1566 803 1610 eosque
831 1567 1070 1601 deterrereH
1094 1566 1118 1602 s.
1145 1566 1306 1610 quosque
1333 1566 1518 1601 deterrere

166 1614 318 1658 (deti-eri
344 1614 395 1658 D)
423 1616 445 1649 ὃ
471 1614 494 1649 s.
523 1614 705 1659 equosque
732 1615 917 1648 deterrere
944 1614 980 1648 P
1002 1614 1167 1648 sternunt
1194 1613 1309 1658 equos
1326 1612 1362 1661 (Ξ
1391 1616 1517 1658 (punc—

164 1666 240 1696 tam
267 1665 298 1696 et
316 1662 331 1668 ”
359 1673 406 1697 er.
434 1673 457 1696 (ι
482 1666 525 1705 2)
551 1663 718 1697 deterere
745 1662 979 1706 (deterrent2)
1007 1661 1041 1695 L
1073 1660 1239 1696 sternunt
1265 1660 1383 1696 solent
1408 1660 1523 1704 equos

165 1743 312 1777 quoque
346 1732 491 1767 deterre
528 1726 711 1776 (deterrere
733 1734 773 1775 2)
798 1732 826 1777 Q
854 1731 1019 1766 sternunt
1045 1731 1229 1775 equosque
1256 1730 1374 1766 solent
1401 1731 1519 1766 deter-

164 1791 244 1814 rere
270 1780 382 1825 uulyo
439 1780 626 1826 tabulata]
654 1779 803 1814 tabulas
825 1779 861 1813 π’
919 1782 939 1813 8
968 1778 1152 1824 [oportet]
1179 1780 1218 1812 H
1277 1778 1299 1812 i.
1327 1780 1475 1823 promtu
1500 1782 1517 1813 λ

261 1831 304 1861 10
332 1826 471 1873 obsisti]
501 1826 621 1862 obesse
649 1828 689 1861 H
813 1826 895 1861 CAP.
922 1825 1036 1861 VIIII.
1102 1830 1144 1860 13
1172 1826 1350 1871 [quoque]
1379 1827 1400 1860 ὃ

167 1878 210 1909 15
237 1874 335 1909 setae
365 1874 437 1908 Gn*
465 1874 532 1921 site
559 1888 583 1919 μ
609 1874 700 1908 sitae
727 1873 763 1908 A
790 1873 865 1908 sete
891 1884 934 1908 esc
960 1872 1027 1908 site
1053 1884 1144 1908 corr.
1175 1873 1211 1906 P
1325 1877 1367 1908 16
1395 1873 1524 1908 caudis

166 1933 208 1956 ac
234 1921 350 1966 iubis]
379 1932 407 1956 c.
428 1923 562 1958 {etss
576 1920 676 1956 iubis
701 1920 735 1956 G
808 1920 1012 1956 asserentur
1039 1923 1079 1955 H
1148 1920 1403 1956 indubitanter
1428 1923 1446 1955 λ

169 1973 210 2003 17
238 1969 291 2004 est
315 1970 352 2003 π’
381 1970 418 2003 et
445 1982 460 2003 ε
490 1969 554 2014 [e.]
582 1968 618 2003 P

192 2086 225 2121 S.
251 2086 290 2121 L.
366 2091 386 2122 5
412 2085 622 2122 leuieantur
650 2088 698 2121 M
747 2091 766 2122 6
794 2085 977 2132 labentia]
1005 2085 1172 2121 lauentia
1199 2087 1233 2119 α’
1287 2090 1305 2120 7
1334 2085 1460 2120 traues
1476 2086 1524 2120 M

238 2138 258 2168 8
286 2134 452 2169 diuersae
479 2133 771 2180 magnitudinis]
800 2133 963 2169 diuersas
986 2133 1265 2178 magnitudines
1287 2135 1327 2167 H
1373 2133 1518 2178 clauos]

167 2181 293 2216 claues
313 2182 349 2215 A
423 2180 461 2215 in
485 2184 625 2230 gppmtu
653 2183 692 2215 H
751 2186 770 2216 9
799 2181 1095 2226 oppugnantium
1122 2193 1146 2225 μ
1173 2180 1462 2225 oppugnandum
1484 2182 1524 2214 H

263 2228 345 2263 CAP.
374 2228 488 2263 VIIII.
542 2232 585 2262 14
612 2230 769 2274 bonagri
795 2230 841 2264 A'
938 2227 1094 2263 balistae
1122 2241 1146 2272 μ
1170 2227 1342 2263 bailistae
1371 2229 1407 2261 H

167 2277 391 2320 coeteraque
418 2277 467 2321 Al
524 2280 564 2311 16
592 2287 634 2311 ac
660 2276 777 2322 iubis]
805 2275 1015 2321 adiubisA1
1046 2274 1193 2310 adiuuis
1209 2275 1257 2309 M
1301 2274 1471 2310 bauistas
1484 2276 1523 2309 H

169 2324 337 2402 (ballistas
359 2359 405 2403 G)
431 2358 585 2394 balistas
606 2358 667 2404 Αμ
