1638 2620
699 120 899 157 Praefatio.
1386 125 1472 161 XIII

124 225 288 268 tempore
328 220 402 257 duo
442 221 522 257 uiri
561 221 786 263 doctissimi,
828 223 893 268 qm·
925 224 1106 260 eximiam
1136 226 1263 261 nostro
1295 226 1472 272 scriptori

124 290 279 328 operam
321 280 538 321 nauarunt‚
588 290 749 325 quorum
795 282 962 318 maximo
1004 293 1114 328 opere
1160 283 1334 329 ambiqas
1387 287 1471 321 uter

126 340 176 377 sit
204 338 435 385 inqeniosior
460 348 506 374 ac
536 339 725 384 sayacior,
756 340 899 376 mirum
930 343 1115 386 quantum
1146 342 1243 378 inter
1267 352 1306 378 se
1332 342 1472 380 dissen-

123 398 231 435 tiunt.
282 396 388 434 Nam
411 393 461 432 A.
491 389 683 447 Gemolll)
714 398 902 434 neminem
925 409 1065 446 neyare
1087 409 1203 446 posse
1233 400 1378 437 iudicat
1404 401 1472 438 Vc-

120 456 263 509 9etium
301 466 397 502 quae
434 455 631 501 scripserit
668 456 856 492 commode
893 457 1145 503 disposuisse;
1188 460 1318 496 contra
1348 459 1390 496 J.
1425 458 1471 497 G.

123 515 283 552 Forster
298 508 332 564 ²)
373 525 450 551 non
489 514 689 550 mediocris
728 514 839 550 illum
875 515 1068 561 fatuitatis
1105 520 1301 555 asseruerat
1340 518 1472 564 fuisse,

125 574 190 620 qui·
222 584 319 620 quae
349 572 527 610 scriberet
556 573 637 619 ipse
660 584 808 619 parum
838 573 1063 620 intelleqeret
1091 586 1158 612 nee
1181 587 1263 622 par
1294 579 1387 613 esset
1417 577 1472 614 di-

120 632 298 680 qerenclis
322 632 436 669 rebus
460 632 502 668 in
528 641 613 668 eum
632 642 740 677 quem
759 632 833 668 sibi
850 634 1114 678 proposuisset
1139 635 1320 672 ordinem.
1352 634 1473 673 Nobis

124 691 275 738 quidem
310 693 467 736 uterque
503 692 610 727 extra
641 689 795 727 modum
818 691 979 737 prodire
1009 692 1182 737 uidetur‚·
1220 704 1341 739 neque
1373 695 1472 731 enim

118 760 285 797 prorsus
328 750 457 786 omnia
495 748 599 795 apud
638 747 831 795 Veyetium
869 750 1056 787 commode
1094 761 1171 788 esse
1202 752 1400 798 disposita,
1431 755 1474 789 ut

127 808 334 846 seeundum
361 807 501 845 librum
526 818 602 844 non
632 818 709 844 uno
734 808 843 844 illum
874 809 1026 845 nominc
1050 809 1251 846 obscurum
1282 812 1471 854 omittam,

124 867 163 904 ln·
194 867 265 904 loci
296 867 506 903 testimonio
537 868 644 904 sunt:
692 877 732 912 p.
762 866 829 915 74,
858 867 934 912 14,·
970 879 1012 913 p.
1038 868 1130 916 104,
1160 868 1208 913 4,·
1244 880 1289 915 p.
1314 870 1376 915 16,
1408 870 1472 918 18,

125 936 357 973 quamquam
403 923 517 973 dupli
570 945 618 949 —
672 926 873 974 pugnaret
915 926 1150 963 enuntiatum
1190 928 1313 964 nescio
1345 939 1397 964 an
1429 928 1470 965 li-

124 985 247 1022 brarii
278 985 431 1021 incuria
464 993 507 1021 ex
539 994 568 1020 e.
584 983 654 1021 XI
680 985 757 1029 fine
789 985 841 1021 acl
871 995 900 1021 e.
923 984 1019 1021 XII
1042 985 1157 1030 finem
1189 986 1354 1023 delatum
1378 989 1475 1023 recte

125 1036 375 1093 existimes3);
405 1054 448 1090 p.
483 1043 549 1090 97,
584 1043 631 1087 6,·
671 1045 705 1079 et
733 1043 910 1089 plurima
948 1043 1180 1081 tolerabilem
1219 1045 1259 1081 in
1303 1045 1473 1082 ordinem

125 1102 268 1140 dixeris
299 1102 454 1149 diyesta,
484 1101 576 1138 dum
601 1104 634 1138 ct
658 1102 906 1139 rubricarum
936 1103 1169 1140 traditarum
1195 1104 1307 1149 quasi
1335 1104 1472 1150 yuber-

124 1161 308 1198 naculum
339 1161 485 1198 abicias
516 1158 579 1208 (ef.
606 1160 663 1197 II
687 1154 759 1212 18)
793 1162 826 1198 et
855 1160 914 1198 liic
944 1161 1023 1198 illic
1049 1162 1111 1198 uel
1143 1162 1217 1198 leui
1249 1163 1473 1200 correctione

127 1230 223 1266 quae
249 1220 499 1257 librariorum
530 1219 763 1266 neqleyentia
789 1220 951 1266 confusa
975 1222 1065 1257 sunt
1089 1221 1141 1257 acl
1165 1232 1304 1258 sanam
1330 1221 1475 1259 audeas

125 1279 295 1325 rediyei·e
326 1279 591 1320 condicionem,
622 1280 665 1315 ut
681 1290 724 1324 p.
745 1279 812 1324 49,
843 1279 894 1315 16
916 1290 970 1325 sq.
996 1280 1294 1325 interpunctione
1324 1282 1475 1317 mutata

125 1338 179 1374 sic
202 1337 311 1374 nobis
336 1337 458 1374 locum
480 1337 714 1374 constituisse
737 1337 925 1380 uidemur,
952 1339 995 1374 ut
1013 1339 1182 1384 capitum
1198 1335 1408 1376 15—18z,
1422 1338 1479 1375 II

126 1398 391 1443 aryumentum
430 1407 551 1433 unum
582 1396 752 1441 idemque
783 1398 987 1442 appareat,
1025 1397 1101 1433 nisi
1132 1397 1229 1442 forte
1268 1396 1473 1444 Veyetium,

127 1455 227 1501 quod
258 1455 394 1501 quibus
425 1455 562 1501 quique
588 1454 725 1491 milites
751 1456 872 1491 armis
903 1455 1065 1501 fuissent
1088 1456 1264 1492 instructi
1297 1456 1476 1493 adiecerit

123 1514 235 1560 idque
270 1515 482 1551 maximam
517 1515 673 1560 partem
715 1513 973 1556 secundariis,
1018 1524 1115 1559 quae
1156 1514 1303 1556 dicunt,
1360 1525 1475 1551 enun-

126 1573 247 1615 tiatis,
289 1584 313 1610 a
352 1572 524 1615 consilio,
563 1572 663 1619 quod
702 1572 775 1609 sibi
807 1573 1087 1619 proposuisset,
1119 1575 1177 1615 ut,
1216 1573 1379 1619 qualiter
1419 1574 1474 1610 in-

126 1632 310 1669 struenda
341 1634 433 1670 esset
463 1632 581 1674 acies,
613 1631 826 1668 declararet
854 1632 972 1668 unius
1003 1628 1163 1678 leyionis
1193 1632 1377 1678 exemplo,
1410 1632 1474 1669 ab-

128 1701 277 1728 errasse
317 1693 350 1728 et
389 1691 597 1728 declinasse
636 1685 904 1741 iudicamus4).
954 1690 1064 1727 Illud
1103 1701 1247 1737 quoque
1284 1693 1337 1728 est
1376 1691 1475 1737 quod

127 1760 367 1792 moneamus,
399 1750 579 1796 proloyos
611 1760 636 1786 a
676 1748 823 1796 Veyetio
860 1749 988 1795 utique
1020 1749 1226 1796 eleyantius
1264 1760 1343 1786 csse
1380 1760 1476 1786 com-

122 1809 268 1855 positos
305 1820 420 1855 quam
456 1810 498 1846 ut
522 1809 769 1855 praecinente
800 1807 1000 1845 Foerstero
1039 1808 1210 1845 humana
1240 1812 1361 1845 mente
1393 1819 1476 1844 eum

125 1879 290 1914 prorsus
322 1868 540 1905 destitutum
564 1868 684 1914 fluisse
709 1867 954 1904 clamitemus.
998 1866 1139 1904 Verum
1166 1867 1265 1904 enim
1294 1877 1385 1904 uero
1410 1866 1477 1903 hoe

226 2028 258 2071 1)
285 2026 605 2070 „Exercitationes
638 2025 891 2070 Veyetianaef‘
927 2025 1078 2060 Hermes
1111 2025 1172 2059 VI
1198 2025 1319 2069 (1871)
1344 2037 1379 2070 p.
1408 2028 1475 2058 113

184 2076 263 2165 1128).
285 2121 367 2164 „De
392 2121 461 2164 fide
480 2120 617 2156 Flauii
638 2119 774 2165 Veyetii
793 2119 965 2154 Renati“.
992 2119 1091 2154 Diss.
1111 2121 1236 2165 inauy.
1257 2119 1474 2154 Bonnensis.

130 2168 284 2260 Bomge
293 2171 552 2251 Ilffzhabam
577 2215 720 2257 Mauri,
745 2215 841 2259 quod
866 2215 932 2257 „de
950 2214 1144 2259 procinctu
1168 2212 1355 2248 Romanae
1370 2212 1477 2247 Mili-

131 2263 228 2297 tiae“
258 2263 491 2305 inscribitur,
516 2273 559 2298 ex
592 2263 734 2307 Veyetio
760 2265 922 2306 excerpto
949 2261 1008 2305 (cf.
1032 2272 1069 2305 p.
1098 2260 1322 2305 XXVIIII)
1348 2261 1479 2295 ultima

131 2319 159 2344 c.
190 2310 258 2343 XI
278 2311 390 2345 uerba
414 2311 552 2345 ultimis
579 2321 606 2345 e.
636 2310 734 2343 XII
757 2310 1000 2354 excipiuntur.

224 2358 261 2401 4)
289 2358 334 2401 cf.
363 2357 524 2394 Fo'rster.
552 2358 573 2393 l.
601 2358 623 2393 l.
644 2368 684 2402 p.
711 2359 770 2393 25.
