1638 2620
553 147 632 185 Lib,
658 146 739 191 ΗΠ,
766 150 821 182 26.
849 149 904 181 27.
1322 146 1403 187 147

58 246 319 286 defendantur
351 258 372 284 a
398 245 491 284 sole.
538 245 636 285 Illud
670 258 826 296 quoque
860 257 956 284 usus
987 246 1151 297 inuenit,
1185 251 1228 284 ut
1260 247 1403 284 acerri-

56 318 141 344 mos
175 318 218 344 ac
251 305 522 356 sagacissimos
556 317 672 343 canes
704 306 745 342 in
786 303 961 343 turribus
1000 305 1193 356 nutriant,
1232 305 1301 355 qui
1339 304 1402 343 ad-

57 369 220 404 uentum
259 363 432 402 hostium
473 363 593 402 odore
632 365 900 415 praesentiant
939 363 1161 414 latratuque
1195 368 1402 402 testentur.

57 424 227 462 Anseres
261 434 418 473 quoque
450 434 528 460 non
562 424 712 460 minore
744 422 916 461 sollertia
944 428 1159 461 nocturnos
1187 434 1403 474 superuen-

56 488 121 521 tus
153 480 390 520 clamoribus
422 480 607 520 indicant.
655 480 752 519 Nam
784 482 953 532 ingressi
986 481 1242 532 Capitolinam
1275 493 1404 520 arcem
1426 491 1441 515 5

56 540 153 579 Galli
179 540 398 578 Romanum
425 552 570 578 nomen
597 545 795 592 eruerant,
828 541 905 578 nisi
931 540 1100 578 clamore
1128 552 1312 579 anserum
1342 553 1406 579 ex-

57 601 198 638 citatus
219 598 371 637 Mallius
399 600 623 638 restitisset.
662 599 757 637 Mira
779 598 978 649 diligentia
1001 600 1084 637 siue
1107 599 1263 638 fortuna
1284 601 1405 651 uiros,

56 659 124 710 qui
156 659 389 697 uniuersum
423 657 559 696 orbem
593 664 706 696 erant
738 659 897 696 missuri
931 657 1003 696 sub
1035 659 1182 710 iugum,
1215 660 1299 697 auis
1328 671 1405 697 una

56 718 244 756 seruauit.

173 775 323 815 XXVII.
357 775 443 814 Non
477 775 601 814 solum
635 776 675 814 in
707 775 980 814 obsidionibus
1013 776 1080 814 sed
1109 777 1147 814 in
1176 777 1260 814 uni-
1276 802 1383 827 Quando
1411 803 1546 828 oppidanis

55 847 172 874 uerso
205 846 350 885 genere
381 834 574 873 bellorum
601 846 721 886 supra
747 835 876 873 omnia
903 835 1062 873 ducitur
1088 832 1545 873 hostium³¹¹f⁹r²²¹¹n¹r³¹¹⁵h¹³⁵U³

55 893 382 932 consuetudinem
415 893 619 945 explorare
652 893 861 944 diligenter
893 905 937 932 ac
971 906 1097 932 nosse.
1144 894 1401 945 Oportunitas

55 954 158 991 enim
190 952 420 991 insidiarum
454 952 566 991 aliter
592 965 670 991 non
696 958 827 1004 potest
854 953 1038 1004 inueniri,
1071 954 1146 991 nisi
1173 954 1285 1006 scias,
1318 955 1402 1004 qui-

54 1011 128 1050 bus
160 1011 268 1050 horis
295 1011 547 1051 aduersarius
574 1024 594 1050 a
620 1011 765 1049 laboris
791 1013 1011 1050 intentione
1038 1011 1225 1063 discedat,
1259 1012 1402 1064 quibus

54 1070 242 1109 reddatur
268 1071 473 1122 incautior,
500 1070 697 1110 interdum
719 1070 848 1109 medio
874 1071 948 1123 die,
974 1070 1174 1110 interdum
1196 1071 1241 1109 ad
1264 1084 1401 1123 uespe-
1424 1081 1457 1107 15

54 1141 154 1181 rum,
181 1141 297 1180 saepe
319 1135 446 1181 nocte,
473 1130 681 1181 aliquando
703 1142 748 1168 eo
770 1136 960 1181 tempore,
988 1142 1065 1181 quo
1088 1132 1259 1169 sumitur
1279 1130 1402 1182 cibus,

54 1200 144 1227 cum
185 1189 393 1239 utriusque
430 1190 552 1240 partis
586 1188 729 1227 milites
761 1189 807 1227 ad
840 1190 1019 1239 requiem
1052 1195 1118 1228 aut
1151 1189 1197 1227 ad
1231 1191 1402 1229 curanda

54 1259 220 1298 corpora
247 1247 542 1298 disperguntur.
593 1248 704 1293 Quod
732 1249 771 1286 in
799 1249 958 1286 ciuitate
986 1260 1076 1287 cum
1103 1250 1279 1299 coeperit
1305 1250 1402 1300 fieri,

54 1305 280 1344 obsidentes
307 1311 393 1345 astu
422 1319 462 1345 se
492 1319 511 1345 a
538 1306 688 1358 proelio
722 1306 973 1358 subtrahunt,
1006 1312 1049 1346 ut
1082 1307 1401 1346 aduersariorum

53 1364 322 1416 neglegentiae
356 1365 553 1404 licentiam
582 1365 769 1404 tribuant.
818 1365 924 1411 Quae
952 1367 1036 1416 ipsa
1063 1367 1283 1417 inpunitate
1312 1380 1401 1406 cum
1422 1378 1457 1402 ‘20

53 1425 238 1476 creuerit,
271 1430 435 1475 repente
468 1425 633 1463 admotis
666 1424 858 1463 machinis
892 1425 955 1463 uel
981 1425 1169 1476 adpositis
1197 1426 1311 1465 scalis
1338 1439 1400 1464 oc-

54 1489 199 1534 cupant
226 1484 436 1522 ciuitatem.
479 1483 528 1522 Et
548 1483 636 1522 ideo
657 1485 696 1522 in
719 1485 842 1522 muris
863 1496 953 1522 saxa
974 1489 1184 1535 ceteraque
1206 1491 1400 1524 tormenta

52 1559 334 1563 m
856 1559 876 1576 n

78 1585 120 1619 V.
148 1585 188 1621 L.
277 1589 293 1618 1
321 1585 568 1620 defendantur
593 1585 680 1630 Αμδ
706 1585 928 1620 defendatur
955 1587 994 1619 H
1016 1585 1237 1621 defendatur
1263 1587 1335 1621 GP

54 1636 74 1668 3
100 1632 228 1678 odore]
255 1632 384 1667 nidore
410 1632 448 1666 π’
525 1637 544 1667 5
571 1633 683 1678 Nam]
710 1632 838 1677 Nuper
863 1635 901 1667 H
974 1637 994 1667 6
1022 1635 1192 1668 eruerant
1218 1634 1294 1668 oe'n'
1321 1645 1400 1669 eru-

53 1681 158 1714 erent
184 1679 293 1714 GLP
327 1680 503 1714 eruerant
543 1690 632 1714 corr.
658 1682 698 1714 in
725 1682 896 1714 eruerent
924 1682 963 1723 (a
990 1680 1052 1715 12)
1081 1681 1109 1725 (ζ)
1225 1681 1361 1716 anseris
1383 1685 1400 1715 λ

52 1727 164 1771 uulqo
287 1730 305 1761 7
333 1725 499 1772 mallius]
526 1727 724 1763 ÷manius
746 1727 781 1761 A
813 1727 990 1762 manilius
1014 1728 1049 1761 P
1079 1728 1241 1762 manlius
1262 1729 1402 1763 Florus

52 1775 163 1820 uulyo
261 1777 282 1808 8
309 1773 373 1808 sub
399 1773 487 1818 iugo
514 1774 576 1809 suo
603 1774 684 1808 auis
707 1775 746 1807 H

147 1821 229 1857 CAP.
256 1820 406 1855 XXVII.
483 1825 523 1855 11
553 1821 699 1856 ducitur
725 1821 849 1866 pGaP
881 1821 1017 1856 dicitur
1042 1822 1078 1856 A
1114 1822 1259 1857 lucrum
1286 1823 1339 1858 est
1366 1826 1403 1857 H

102 1872 143 1902 17
173 1869 288 1914 [cum]
317 1881 350 1911 ες
378 1879 513 1903 comma
540 1880 621 1903 cum
649 1889 694 1894 —
720 1868 979 1913 disperguntur
1003 1870 1108 1905 uncis
1133 1871 1283 1905 inclusit
1303 1871 1400 1905 Scri-

52 1916 176 1950 uerius
275 1920 316 1950 19
343 1917 384 1950 ut
410 1936 453 1940 —
480 1916 664 1961 tribuant]
693 1917 730 1950 et
756 1937 798 1940 —<
825 1916 994 1950 tribuunt
1019 1917 1056 1950 π’
1131 1921 1176 1951 20
1202 1918 1400 1962 neglegen-

52 1962 144 2008 tiae]
173 1962 404 2008 negligentia
430 1962 500 1997 sibi
520 1963 580 1997 aP
625 1967 669 1997 21
698 1963 876 2008 admotis]
899 1963 1035 1999 amotis
1044 1964 1106 2009 Αμ
1133 1964 1348 1999 ammonitis
1364 1967 1403 1999 H

77 2058 110 2092 S.
133 2058 171 2093 L.
224 2062 245 2092 4
270 2058 412 2092 minore
438 2057 617 2103 sollertia]
645 2056 808 2092 minores
824 2034 1021 2093 sgfertiaA
1043 2058 1205 2101 (solertia
1230 2060 1337 2094 etiam
1353 2059 1398 2102 G)

165 2104 426 2150 snperuentus]
455 2104 515 2140 —os
537 2105 570 2139 α’
694 2107 713 2138 5
741 2103 948 2149 capitulina
973 2117 1137 2140 marceni
1163 2106 1211 2151 Al
1243 2107 1398 2151 capituli

53 2162 138 2186 Nam
164 2163 286 2187 arcem
313 2152 361 2186 M
383 2151 628 2196 capitulinam
654 2162 777 2186 arcem
802 2155 820 2186 λ
897 2157 916 2187 6
943 2153 1119 2198 elamore]
1149 2153 1346 2189 clamoren}
1364 2155 1399 2189 A

146 2202 167 2233 8
202 2199 411 2234 uniuersum
444 2200 589 2244 orbem]
622 2198 830 2233 uniuersam
856 2199 986 2235 urbem
1012 2200 1059 2245 Al
1098 2199 1308 2235 uniuersum
1341 2214 1399 2236 ur-

51 2246 135 2281 bem
166 2247 214 2280 M
309 2251 329 2281 9
357 2246 533 2291 seruauit]
561 2245 723 2281 seruabit
749 2248 787 2280 H

148 2292 228 2329 Cap,
255 2293 401 2327 XXVII.
456 2298 498 2328 14
524 2293 643 2339 horis]
671 2293 745 2328 oris
761 2306 777 2328 ε
832 2297 873 2328 15
899 2293 1088 2329 incaucior
1109 2294 1158 2328 M
1204 2299 1246 2330 17
1267 2295 1400 2330 utriul-

53 2340 140 2386 que]
169 2340 330 2384 utrisque
358 2343 397 2375 H
490 2341 626 2387 partis]
654 2340 782 2385 partes
805 2353 828 2374 α
917 2345 958 2376 18
987 2341 1169 2387 coeperit]
1198 2343 1338 2389 ceperit
1364 2345 1403 2377 H

127 2391 168 2422 19
196 2387 273 2422 astu
300 2388 333 2422 se
360 2388 397 2433 a]
426 2387 566 2424 arture&
592 2390 626 2422 A
712 2392 755 2422 20
782 2389 1005 2433 impunitate
1033 2391 1071 2422 H
1142 2393 1185 2423 21
1213 2389 1335 2435 appos.
1367 2392 1399 2423 H

1118 2448 1188 2482 10*
