1638 2620
134 70 196 104 XL
704 68 903 104 Praefatio.

135 171 275 217 scripts
305 170 454 216 formed
485 171 532 217 by
566 169 677 218 Guyl.
711 169 838 212 Libri,
868 189 917 194 —
946 168 1029 206 solcl
1059 169 1106 216 by
1138 169 1291 206 auc-tion
1322 167 1481 206 Lonclon

137 229 204 266 25.
248 228 391 266 DIarcli
432 224 577 276 1859'‚
613 241 656 276 p.
691 229 794 277 230,
842 229 907 265 ubi
948 228 1083 265 uideas
1131 229 1318 275 specimen
1366 228 1480 274 scrip-

136 290 248 325 turae
279 291 313 325 et
343 282 530 338 lectionis)
571 287 646 324 XI.
680 284 813 337 (inimo
847 280 970 338 XII.)
1015 297 1112 324 saec.
1152 287 1198 334 cf.
1230 298 1351 334 supra
1376 298 1417 333 p.
1449 284 1485 323 V

135 349 210 384 not.
245 348 265 383 1
303 349 336 384 et
374 346 496 384 VIII.

261 406 298 443 8.
330 405 679 443 Laureslzamensis
689 398 722 456 ¹)
755 399 991 452 ‘peruetusti'
1017 405 1154 441 mentio
1173 405 1218 450 fit
1235 405 1304 442 sub
1327 402 1484 440 XLIX.

140 465 160 501 1
189 465 232 501 in
257 464 450 501 breuiario
484 463 534 500 X.
553 475 649 501 saec.
673 458 776 515 (Pal.
805 457 950 514 1877),
982 463 1082 510 quod
1111 464 1154 500 in
1179 464 1264 501 bibl.
1294 462 1483 500 Vaticana

136 523 370 561 adseruatur
396 515 463 574 (cf.
490 521 592 570 Any.
617 523 707 559 Mai.
732 521 978 569 &heile-aium
1003 521 1223 559 Romanum
1257 521 1293 559 V
1309 533 1349 569 p.
1369 515 1484 571 189).

135 577 291 619 eFlauii
330 580 457 628 Veyeti
487 581 631 619 Renati
666 582 746 619 uiri
785 581 961 618 inlustris
998 582 1162 628 epitoma
1204 581 1261 618 rei
1304 581 1485 618 militaris

139 640 228 678 libri
258 651 418 678 munero
449 640 561 677 IIII
587 642 629 678 ‘in
659 652 736 677 uno
769 633 957 690 cocliee'.2)

479 764 531 807 V.
576 763 753 807 Codices
785 779 873 806 non
906 764 1149 806 examinati.

258 846 300 903 1)
335 851 412 888 XI.
445 852 614 889 exeuntis
638 852 700 889 uel
721 850 823 888 XII.
837 861 936 890 saec.
961 852 1127 888 ineuntis
1150 844 1258 902 (teste
1290 850 1489 887 Fornario
1539 847 1546 857 '

137 911 278 948 illustr.
298 912 398 953 uiro,
431 912 495 957 qui
527 923 563 948 a.
592 911 705 949 1870
738 911 979 948 bibliothecae
1009 921 1106 957 quae
1137 913 1191 947 est
1219 909 1386 957 Neapoli
1417 920 1488 946 na-

139 970 295 1007 tionalis
312 970 537 1017 praefectus
562 970 607 1007 de
632 970 736 1007 codd.
759 969 900 1017 Veyetii
925 969 1195 1017 Neapolitanis
1221 969 1487 1006 benevolentis-

137 1030 231 1066 sime
255 1040 314 1066 me
345 1030 540 1066 certiorem
570 1024 696 1080 fecit).-

254 1087 445 1134 Neapolit.
505 1088 590 1125 bibl.
644 1090 722 1125 nat.
782 1087 827 1126 V.
870 1086 919 1125 A.
966 1088 1017 1124 21
1077 1087 1230 1124 membr.
1288 1088 1330 1124 in
1385 1086 1490 1133 folio,

137 1147 237 1184 binis
276 1157 376 1185 uers.
421 1147 606 1184 eolinnnis
647 1149 852 1191 exaratus‚·
901 1147 1012 1184 babet
1046 1146 1146 1183 lianc
1188 1146 1492 1192 inscriptionem:

136 1204 279 1243 Flauii
318 1205 460 1252 Veyetii
491 1205 644 1243 Renati.
690 1205 776 1243 Viri
811 1204 975 1242 illustris
1013 1204 1200 1252 epitlzoma
1245 1204 1493 1241 institutionis

137 1265 194 1301 rei
224 1264 428 1307 militaris,
474 1267 506 1301 ct
544 1264 834 1312 Eutropianam
870 1265 1185 1311 subscriptionem
1222 1258 1294 1314 (acl
1326 1275 1343 1300 ε
1377 1264 1492 1309 igyitur

131 1325 328 1370 pertinere
359 1318 590 1376 arbitreris).
1611 1322 1613 1414 1

257 1376 301 1433 2)
337 1381 439 1420 XII.
460 1392 556 1420 saec.
588 1381 953 1428 Illontepessulanus
975 1382 1056 1419 133
1084 1375 1314 1432 (Oataloyue
1336 1380 1494 1428 ye'ne'ral
1612 1416 1613 1425 ,

138 1443 203 1479 etc.
228 1441 259 1478 I
280 1436 386 1491 334)
417 1453 455 1478 u.
487 1452 534 1488 p.
564 1440 639 1478 XI.
690 1441 801 1477 Inest
832 1441 945 1477 etiam
978 1439 1108 1477 Cicero
1140 1440 1186 1477 cle
1217 1441 1366 1487 officiis.
1612 1428 1614 1495 ἱ

262 1499 393 1537 ΧΙΙΙ.
425 1511 523 1538 saec.

257 1553 302 1610 3)
336 1553 443 1610 (teste
473 1552 715 1610 Seliwebelio)
763 1559 783 1595 1
833 1556 1041 1596 Gudianus
1086 1553 1328 1608 (Scliwebelio
1380 1557 1494 1596 Guel-
1613 1534 1614 1627 ἱ

130 1618 395 1665 plzerbytanus
420 1612 491 1669 B).
552 1618 617 1655 Ex
653 1619 722 1660 iis,
766 1628 863 1663 Quae
897 1628 1032 1664 pauca
1068 1616 1231 1655 Scliweb.
1264 1628 1307 1654 ex
1338 1617 1405 1654 lioc
1438 1628 1494 1654 co-

137 1677 219 1714 dice
265 1677 409 1724 publici
457 1677 557 1714 iuris
606 1677 704 1723 fecit,
756 1687 841 1713 eum
890 1677 1133 1722 aliquatenus
1182 1688 1207 1713 a
1253 1675 1289 1713 G
1324 1676 1494 1723 pendere

137 1736 346 1774 uerisimile
378 1738 439 1773 est.
474 1756 529 1761 -
562 1729 609 1787 4)
647 1737 665 1771 1
695 1735 991 1772 Laurentianus
1012 1730 1163 1785 (Bana.
1189 1734 1260 1772 IV
1285 1729 1387 1786 175)
1408 1746 1495 1772 cum

138 1795 283 1842 aliquot
325 1795 487 1833 scholiis.
547 1795 782 1832 Inscribitur
827 1789 965 1831 ‘Fani
1018 1794 1104 1842 Vey.
1144 1794 1194 1831 R.
1236 1795 1316 1831 uiri
1356 1794 1408 1831 ill.
1449 1794 1494 1831 (le

138 1857 219 1891 arte
252 1854 386 1891 bellica
417 1854 438 1891 l.
472 1853 544 1891 IV
572 1855 632 1897 acl
664 1853 981 1891 Valentinianum
1011 1847 1247 1900 Auyustum'
1282 1853 1329 1899 ef.
1355 1864 1398 1899 p.
1423 1852 1496 1889 IV

137 1916 211 1950 not.
249 1933 297 1939 —
335 1907 379 1964 5)
422 1913 624 1950 Leidensis
665 1913 749 1950 bibl.
787 1912 896 1959 publ.
940 1912 1031 1949 Lat.
1069 1912 1112 1948 F
1146 1913 1211 1949 62.
1263 1906 1381 1961 (teste
1424 1911 1494 1948 Da

138 1966 270 2022 Rieu).
306 1992 354 1997 -—-
394 1965 439 2022 6)
476 1971 680 2009 Leiclensis
720 1971 933 2009 Vossianus
970 1972 1061 2009 Lat.
1099 1971 1147 2009 F.
1182 1971 1234 2008 93
1276 1965 1492 2021 (fracmen-

139 2034 219 2068 tum
249 2032 333 2068 siue
364 2025 608 2082 excerptum).

260 2090 390 2127 XIII.
421 2101 516 2128 saec.
551 2092 732 2128 exeuntis.
1616 2111 1618 2136 i

238 2215 271 2258 1)
306 2213 514 2248 le'lmanns
540 2214 657 2256 (Mus.
680 2212 797 2247 Rhen.
826 2212 998 2254 XXIII,
1021 2216 1041 2246 3
1055 2222 1096 2256 p.
1117 2213 1199 2255 406)
1220 2211 1318 2246 hunc
1342 2211 1495 2246 codicem

142 2260 228 2295 Pal.
258 2264 324 2294 909
354 2261 471 2304 (nobis
496 2261 552 2303 H)
580 2271 651 2295 esse
670 2271 863 2305 perperam
888 2261 1087 2304 opinatur..

239 2308 274 2351 2)
305 2306 358 2350 Cf.
386 2308 492 2343 Beck.
521 2309 600 2343 libr.
630 2308 731 2343 laud.
