1638 2620
146 132 174 173 2
766 131 844 166 Lib.
872 131 898 165 Ι.

151 323 228 386 [In
268 324 404 370 omni
442 327 612 370 autem
649 322 840 382 proelio
872 337 973 369 non
1005 326 1110 368 tam
1141 323 1412 370 multitudo
1445 327 1497 370 et

148 395 311 440 uirtus
349 394 549 440 indocta
587 408 737 453 quam
780 408 860 440 ars
905 397 956 439 et
999 393 1289 440 exercitium
1333 394 1498 440 solent

521 467 776 524 praestare
813 463 1113 526 uictoriam]

267 584 295 620 I.
329 584 527 621 Romanos
554 595 688 620 omnes
717 585 855 631 gentes
882 582 966 620 sola
992 595 1193 619 armorum
1219 584 1497 622 exercitatione

432 639 586 680 uicisse.

244 701 296 738 II.
329 701 389 738 Ex
421 701 563 750 quibus
595 701 822 750 regionibus
855 700 1004 738 tirones
1035 700 1195 749 legendi
1228 701 1317 739 sint.

227 760 299 798 III.
331 760 477 797 Utrum
504 773 551 798 ex
577 759 686 808 agris
715 772 764 796 an
785 772 829 796 ex
849 759 1015 796 urbibus
1037 759 1216 797 utiliores
1238 759 1318 798 sint
1336 760 1498 799 tirones.

208 819 300 856 IIII.
335 818 456 856 Cuius
489 819 631 856 aetatis
663 819 813 855 tirones
846 818 1039 866 probandi
1072 818 1160 856 sint.

250 877 298 916 V.
331 877 418 923 Qua
450 880 605 915 statura
636 877 808 914 iuniores
841 877 1036 925 probandi
1067 877 1156 915 sint.

227 936 297 974 VI.
328 937 387 974 Ex
414 937 531 974 uultu
558 938 597 974 et
622 936 816 984 positione
843 937 1015 984 corporis
1048 936 1210 985 agnosci
1241 936 1281 973 in
1316 937 1498 987 eligendo

435 996 502 1045 qui
533 995 717 1033 meliores
750 994 904 1043 possint
936 1007 1021 1033 esse
1053 995 1214 1033 tirones.

210 1054 298 1092 VII.
334 1053 453 1092 Cuius
481 1054 578 1092 artis
604 1054 754 1092 tirones
780 1054 845 1091 uel
871 1054 1044 1104 eligendi
1069 1054 1149 1092 sint
1178 1055 1245 1092 uel
1275 1055 1499 1104 respuendi.

98 1123 132 1147 10
191 1114 300 1151 VIII.
335 1113 499 1158 Quando
531 1113 681 1151 tirones
715 1113 899 1162 signandi
931 1113 1019 1150 sint.

168 1172 297 1211 VIIII.
330 1172 394 1209 Ad
425 1173 594 1222 gradum
625 1172 841 1209 militarem
874 1175 913 1209 et
944 1184 1104 1209 cursum
1137 1174 1175 1209 et
1215 1173 1362 1210 saltum
1394 1185 1501 1210 exer-

436 1232 578 1269 cendos
610 1231 772 1269 tirones.

251 1290 297 1327 X.
331 1290 392 1327 Ad
427 1303 543 1328 usum
574 1290 738 1327 natandi
771 1290 1005 1328 exercendos
1037 1289 1198 1328 tirones.

230 1349 299 1387 XI.
333 1349 673 1394 Quemadmodum
699 1349 748 1386 ad
776 1352 888 1386 scuta
912 1348 1084 1386 uiminea
1116 1349 1181 1386 uel
1213 1349 1263 1386 ad
1294 1350 1406 1397 palos
1435 1361 1500 1386 an-

100 1418 131 1442 15
436 1408 537 1457 tiqui
570 1408 806 1445 exercebant
838 1408 999 1445 tirones.

210 1467 298 1504 XII.
331 1467 420 1504 Non
452 1467 597 1504 caesim
631 1467 699 1504 sed
736 1467 914 1515 punctim
951 1466 1069 1503 ferire
1108 1466 1301 1505 docendos
1339 1466 1499 1504 tirones.

189 1526 297 1563 XIII.
329 1525 588 1563 Armaturam
621 1525 814 1563 docendos
847 1526 1008 1563 tirones.

169 1584 302 1622 XIIII.
336 1585 502 1622 Tirones
536 1585 769 1622 exercendos
803 1585 853 1622 ad
884 1584 1095 1622 missibilia
1125 1584 1314 1622 iacienda.

216 1643 299 1682 XV.
335 1643 503 1693 Sagittis
536 1643 750 1692 diligenter
781 1643 930 1681 tirones
963 1643 1192 1682 inbuendos.

100 1712 133 1736 ρο
195 1702 301 1741 XVI.
333 1702 396 1740 Ad
429 1702 629 1740 iactandos
662 1702 813 1751 lapides
846 1702 978 1740 fundis
1011 1703 1247 1740 exercendos
1280 1702 1440 1739 tirones.

218 1761 341 1799 XVII.
374 1762 443 1806 Der
466 1762 650 1799 exercitio
682 1762 992 1810 plumbatarum.

248 1850 289 1884 In
322 1852 422 1884 omni
454 1871 497 1875 —
529 1850 725 1885 uictoriam
759 1871 801 1875 —
836 1850 953 1895 prelio
988 1871 1030 1874 —
1066 1849 1164 1884 uires
1202 1848 1385 1883 inerudite
1419 1849 1500 1893 (pro

152 1897 271 1931 uirtus
309 1897 474 1941 indocta)
508 1898 577 1931 ΠΟ
615 1898 679 1932 hoc
716 1898 810 1938 Zoco;
846 1898 953 1942 vulyo
993 1898 1078 1932 haec
1115 1897 1222 1932 verba
1254 1897 1380 1940 prima
1417 1907 1444 1930 c.
1480 1899 1500 1930 1

153 1946 239 1979 libri
280 1946 307 1978 I
349 1946 539 1990 levantur,-
590 1945 647 1989 [ln
686 1965 730 1969 —
767 1944 872 1989 uict]
921 1944 1077 1985 GemoZZ;
1132 1945 1297 1987 deinceps
1340 1944 1501 1987 sequenti

153 1993 313 2036 capitum
338 1993 455 2026 indici
485 1993 723 2035 praemittunt
755 1991 943 2036 Incipiunt
974 1990 1139 2036 capitula
1169 1990 1256 2025 libri
1282 1989 1393 2035 primi
1418 1990 1504 2024 A'P

152 2039 245 2073 Item
272 2038 376 2073 tituli
402 2038 488 2072 libri
516 2038 626 2083 primi
647 2040 687 2072 Π
709 2038 812 2082 Incis)
839 2039 942 2073 tituli
966 2037 1054 2072 libri
1073 2037 1185 2083 primi
1206 2039 1227 2071 δ
1252 2038 1308 2072 nil
1332 2038 1403 2072 tale
1423 2037 1501 2082 MQ

202 2091 218 2120 1
247 2085 512 2120 exercitatione
537 2095 584 2122 Ξ
615 2086 649 2119 Α
809 2090 828 2120 3
854 2085 1005 2130 tyrones
1031 2089 1062 2120 et
1092 2086 1144 2120 sic
1175 2088 1379 2119 constanter
1409 2085 1503 2129 Αμπ

200 2133 282 2167 sunt
302 2146 354 2178 μπ
429 2137 449 2166 4
470 2133 552 2167 sunt
569 2133 598 2178 Q
660 2137 679 2167 5
700 2132 841 2168 tirones
854 2132 1050 2177 probandi]
1071 2133 1097 2168 t.
1118 2132 1266 2177 legendi
1282 2133 1304 2165 δ
1361 2131 1444 2165 sunt
1462 2131 1499 2164 π’

203 2184 221 2214 7
243 2180 400 2224 legendo
421 2180 457 2214 π’
513 2184 532 2214 8
553 2179 699 2224 possunt
719 2179 754 2214 π’
817 2179 959 2215 tirones
974 2179 1241 2224 cognoscuntur
1261 2179 1327 2224 PQ
1394 2182 1414 2212 9
1436 2177 1500 2212 eli-

154 2226 267 2272 gendi
289 2227 392 2273 [sint]
414 2228 474 2261 uel
494 2227 584 2271 resp.
602 2228 659 2261 sP
677 2226 840 2271 eligendi
859 2227 942 2261 sunt
960 2239 993 2260 u.
1014 2238 1042 2261 r.
1058 2228 1098 2260 H
1113 2226 1263 2271 legendi
1282 2226 1363 2260 funt
1381 2238 1416 2260 u.
1432 2237 1460 2260 r.
1479 2226 1502 2259 ὃ

203 2278 245 2308 10
272 2274 307 2307 {t
327 2276 366 2307 Π
420 2278 459 2308 11
482 2275 593 2319 gratu
609 2275 657 2308 M
712 2278 753 2308 15
782 2274 1025 2308 excercebant
1045 2273 1094 2307 M
1146 2278 1187 2307 17
1214 2274 1415 2307 Armatura
1434 2273 1501 2317 PQ

203 2324 245 2355 18
271 2320 422 2355 missilia
447 2322 508 2366 πρ
658 2321 815 2356 iacenda
841 2335 865 2365 μ
897 2320 1068 2355 iacienda
1093 2332 1135 2355 ecc
1165 2319 1322 2355 iacenda
1348 2331 1438 2355 corr.
1467 2319 1504 2353 P

204 2372 245 2402 19
273 2368 494 2403 imbuendos
515 2371 552 2403 Π
649 2373 690 2403 21
719 2368 773 2402 De
801 2368 1062 2403 exercitatione
1090 2369 1129 2401 Π
