1638 2620
190 117 274 158 112
736 115 815 154 Lib.
842 117 903 161 ΙΙΙ,
929 122 985 154 22.

71 242 293 268 Quemdmodum
390 215 510 255 XXII.
555 216 725 267 Digestis
757 216 958 268 omnibus,
991 229 1090 268 quae
1123 218 1222 256 ratio
1255 216 1435 255 militaris
1467 229 1532 255 ex-

45 272 317 328 glssmssj'g‘ff'gffgsifffg
331 276 563 326 perimentis
597 281 636 313 et
661 281 745 314 arte
772 277 966 327 seruauit,
992 288 1117 314 unum
1146 281 1328 327 superest
1354 275 1533 327 edocere,

44 331 288 358 ffi⁸p¹³⁰⁸fl³⁰g¹¹ffi
330 334 662 386 quemadmodum
701 334 910 373 recedatur
947 335 994 373 ab
1035 334 1228 374 hostibus.
1284 333 1382 372 Nam
1419 334 1533 373 disci-

188 394 316 445 pliuae
350 393 511 431 bellicae
545 399 583 431 et
615 393 885 444 exemplorum
911 395 1029 444 periti
1058 406 1253 445 nusquam
1280 395 1405 432 maius
1431 394 1533 444 peri-

152 462 168 487 5
189 452 322 491 culum
336 453 529 490 inminere
545 457 752 492 testantur.
780 452 855 497 Qui
870 454 974 490 enim
995 458 1083 491 ante
1105 464 1363 504 congressum
1383 452 1535 490 recedit

189 524 235 549 ex
262 512 362 563 acie,
390 516 429 549 et
456 512 538 549 suis
564 510 746 549 fiduciam
774 513 916 550 minuit
941 516 981 550 et
1000 513 1170 550 inimicis
1191 511 1299 550 addit
1318 511 1532 550 audaciam.

188 569 334 608 Verum
361 571 449 620 quia
477 570 551 608 hoc
579 572 734 621 saepius
761 582 925 609 necesse
952 575 1012 608 est
1039 572 1213 622 euenire,
1241 570 1385 621 quihus
1405 570 1533 609 modis

188 635 272 668 tuto
300 630 425 680 possit
452 629 555 680 fieri,
577 628 854 667 declarandum
882 635 953 668 est.
1003 629 1180 668 Primum
1200 634 1244 668 ut
1264 630 1324 667 tui
1343 631 1533 679 nesciant,

187 688 276 726 ideo
298 694 335 726 te
356 688 556 739 recedere,
578 689 668 738 quia
695 688 867 727 declinas
894 690 994 727 inire
1022 688 1261 739 conflictum,
1283 688 1351 726 sed
1372 688 1535 726 credant

137 757 171 782 10
191 753 273 785 arte
306 746 434 797 aliqua
467 759 507 785 se
547 746 634 785 ideo
673 749 871 799 reuocari,
910 752 953 785 ut
993 748 1039 786 ad
1073 748 1371 798 oportuniorem
1403 746 1535 785 locum

188 807 383 844 innitetur
415 806 540 844 hostis
573 818 616 844 ac
644 805 796 844 facilius
825 811 1037 857 superetur
1063 813 1130 845 aut
1156 810 1262 844 certe
1290 807 1532 856 insequenti-

187 864 262 903 bus
294 864 533 903 aduersariis
566 866 802 904 secretiores
836 865 1093 904 conlocentur
1124 864 1301 904 insidiae.
1356 864 1453 903 Nam
1486 864 1533 902 ad

188 924 319 975 fugam
338 925 464 975 parati
484 928 577 962 sunt
598 925 664 974 qui
679 924 820 962 ducem
841 936 956 963 suum
978 926 1155 963 sentiunt
1175 925 1398 975 desperare.
1433 922 1533 962 Illud

189 995 346 1034 quoque
368 983 574 1021 uitandum
596 989 668 1035 est,
682 995 730 1021 ne
751 983 884 1022 hostes
907 988 946 1022 te
962 983 1148 1022 recedere
1164 984 1335 1021 sentiant
1349 989 1388 1021 et
1403 984 1534 1020 statim

135 1055 169 1080 15
189 1043 360 1081 inruant.
417 1042 631 1093 Propterea
656 1041 836 1093 plerique
863 1049 951 1081 ante
978 1042 1131 1092 pedites
1164 1054 1257 1080 suos
1285 1043 1439 1092 equites
1467 1053 1533 1091 po-

189 1107 366 1152 suerunt,
379 1106 422 1139 ut
434 1101 703 1140 discurrentes
715 1101 963 1140 aduersarios
976 1101 1112 1139 uidere
1124 1113 1202 1139 non
1216 1102 1403 1152 sinerent,
1417 1111 1534 1151 quem

188 1159 234 1198 ad
262 1159 419 1198 modum
448 1160 601 1210 pedites
626 1159 900 1199 abscedebant.
943 1159 1040 1198 Item
1061 1159 1324 1211 particulatim
1344 1160 1533 1209 incipien-

188 1224 248 1257 tes
269 1231 289 1256 a
310 1220 447 1270 primis
469 1218 643 1269 singulas
658 1220 762 1257 acies
781 1218 1054 1258 subducebant
1074 1224 1261 1269 retroque
1282 1218 1535 1269 reuocabant,

188 1279 226 1315 in
254 1277 379 1328 gradu
406 1289 476 1316 suo
505 1277 754 1316 manentibus
781 1278 958 1330 reliquis,
991 1290 1089 1329 quos
1117 1279 1263 1316 sensim
1290 1283 1424 1328 postea
1452 1289 1534 1315 ces-

135 1351 169 1376 20
190 1338 342 1387 simque
370 1336 416 1375 ad
443 1336 531 1374 illos
557 1336 784 1388 iungebant,
812 1349 910 1388 quos
939 1337 1207 1376 subduxerant
1233 1339 1415 1388 primum.
1457 1335 1534 1373 Ali-

190 1397 326 1446 quanti
353 1395 565 1446 exploratis
592 1396 802 1434 itineribus
829 1403 948 1435 noctu
975 1408 1065 1434 cum
1086 1398 1264 1434 exercitu
1285 1394 1535 1446 recedebant,

209 1498 253 1531 V.
280 1497 319 1532 L.
394 1498 536 1532 nullam
568 1498 713 1541 sperare
746 1497 899 1532 salutem
927 1498 984 1532 εΡ
1011 1498 1122 1542 uulgo
1147 1497 1273 1543 (Very.
1301 1497 1347 1532 A.
1381 1500 1420 1540 2,
1446 1498 1533 1538 354)

282 1545 367 1580 CAP.
396 1544 509 1580 XXII.
609 1549 628 1578 2
656 1545 818 1590 superest
850 1546 1004 1580 edocere
1031 1557 1047 1579 ε
1080 1544 1242 1589 superest
1268 1547 1306 1579 et
1338 1544 1469 1578 docere
1498 1544 1537 1577 H

187 1595 409 1662 sussgdoeere
436 1616 472 1650 P
495 1615 657 1660 superest
682 1617 813 1650 docere
840 1617 863 1650 δ
947 1620 969 1649 4
999 1615 1069 1662 [et]
1100 1616 1162 1650 δΡ
1245 1614 1401 1661 [maius]
1428 1627 1452 1648 α

187 1668 207 1698 5
234 1663 383 1698 recedet
409 1662 442 1697 α’
519 1667 539 1697 6
567 1664 634 1709 [et]
663 1663 736 1697 suis
759 1676 774 1697 ε
854 1663 998 1698 minuet
1023 1665 1059 1697 A
1146 1666 1167 1697 8
1192 1664 1273 1697 tuto
1300 1661 1366 1696 πθ
1390 1664 1472 1696 toto
1498 1662 1533 1695 α’

186 1712 245 1745 tot
273 1711 302 1755 Q
328 1710 399 1744 hoc
424 1710 459 1744 L
551 1715 570 1745 9
597 1710 707 1756 inire]
734 1710 847 1745 interi
877 1712 917 1744 H
1001 1714 1044 1745 10
1070 1710 1154 1745 ideo
1180 1710 1214 1744 se
1241 1710 1315 1744 ΑΡ
1401 1713 1442 1743 11
1471 1709 1536 1743 aut

187 1757 335 1793 facilius
357 1770 373 1792 ε
402 1759 458 1802 (ut
483 1758 507 1794 f.
535 1757 654 1804 G2L2)
747 1762 788 1792 12
816 1758 912 1792 Nam
938 1757 1079 1792 necesse
1106 1756 1159 1792 est
1184 1757 1232 1791 ad
1257 1757 1384 1802 fugam
1410 1755 1533 1801 parati

187 1840 259 1875 sint
279 1841 340 1875 δΡ
399 1844 443 1875 14
465 1840 535 1887 [te]
558 1841 599 1874 H
656 1840 831 1886 sentiant]
858 1807 975 1875 sldiiant
995 1840 1044 1874 M
1102 1843 1144 1874 16
1167 1838 1481 1883 quemadmodum
1504 1838 1533 1872 Ο

187 1889 334 1932 quando
361 1889 472 1933 uulyo
614 1891 656 1922 18
683 1889 926 1933 reuocabant]
960 1888 1146 1922 uocabant
1171 1890 1209 1921 H
1323 1890 1365 1920 19
1398 1885 1438 1920 in
1471 1885 1533 1919 suo

186 1935 303 1980 gradu
331 1937 371 1969 H
487 1934 615 1979 postea
651 1935 848 1978 cessimque
881 1935 944 1979 Αμ
975 1934 1103 1979 postea
1134 1934 1317 1978 cesimque
1351 1933 1419 1968 GH
1453 1932 1535 1978 post

187 1982 305 2017 aciem
332 1982 441 2026 seque
468 1983 529 2017 612
623 1986 667 2017 20
694 1981 879 2026 aliquanti
906 1981 1109 2027 exploratis
1128 1994 1156 2016 π
1185 1980 1388 2025 aliquantis
1408 1981 1533 2024 explo-

187 2029 279 2064 ratis
298 2029 331 2064 G
358 2029 563 2074 aliquantis
584 2030 721 2074 plorati
748 2031 785 2073 (ί.
813 2041 839 2065 e.
867 2029 1053 2074 aliquanti
1077 2028 1242 2074 splorati)
1271 2028 1305 2062 α’
1332 2026 1536 2072 aliquantis

187 2076 371 2122 explorati
395 2080 414 2111 λ
512 2080 554 2111 21
582 2078 690 2112 nocte
717 2079 757 2111 H

212 2172 244 2206 S.
260 2171 299 2207 L.
347 2171 427 2205 CAP.
445 2170 557 2205 XXII.
609 2175 628 2205 2
643 2170 822 2217 seruauit]
839 2171 998 2206 seruabit
1013 2173 1079 2205 αΠ
1119 2175 1139 2205 3
1154 2169 1479 2215 quemammodum
1495 2170 1533 2202 H

189 2223 207 2252 5
229 2218 420 2253 imminere
436 2220 475 2252 H
541 2218 787 2264 congressum]
810 2218 1038 2263 congressom
1058 2219 1106 2264 A,
1133 2218 1323 2263 congresso
1350 2218 1380 2262 (”
1399 2219 1461 2260 er.)
1485 2216 1535 2249 M

259 2271 277 2300 6
306 2265 478 2300 fidutiam
504 2265 540 2300 A
613 2265 732 2310 addit]
760 2266 841 2301 adit
860 2267 895 2300 α’
969 2266 1160 2300 audatiam
1181 2279 1206 2310 μ
1281 2269 1322 2299 12
1352 2263 1531 2299 collocen-

186 2314 246 2347 tur
266 2315 304 2346 H
366 2318 407 2347 13
435 2312 619 2357 disperare
640 2326 655 2348 ε
722 2318 763 2348 15
791 2313 935 2348 irruant
960 2315 998 2347 H
1056 2317 1098 2348 16
1125 2313 1300 2358 sinerent]
1328 2311 1483 2346 finirent
1508 2322 1531 2344 α

260 2364 300 2395 17
329 2361 655 2404 quemammodum
682 2363 721 2395 H
815 2361 1076 2406 abscedebant]
1104 2359 1343 2395 abscidebant
1367 2360 1416 2404 Al

1636 2253 1638 2276 l

1636 2282 1637 2299 l

1634 2336 1636 2420 ἑ
