1638 2620
598 136 676 172 Lib.
703 136 765 180 ΙΙΙ,
793 140 847 171 19.
1314 134 1396 176 105

51 236 235 287 drungos.
292 235 405 281 Quod
439 236 472 273 si
498 235 703 287 acciderit,
730 246 851 274 unum
879 233 1099 273 remedium
1126 238 1202 285 est,
1229 238 1273 272 ut
1298 233 1398 272 alam

51 306 295 346 cornumque
315 293 483 345 replices
505 299 543 332 et
563 294 765 346 rotundes‚
781 299 975 345 quatenus
990 294 1175 332 conuersi
1197 293 1253 331 tui
1274 294 1397 330 socio-

50 366 139 392 rum
166 359 275 404 terga
299 352 530 405 defendant3
563 353 631 391 sed
652 354 692 391 in
713 352 854 403 angulo
881 353 1006 403 ipsius
1033 352 1292 391 extremitatis
1319 351 1397 389 for—

50 413 192 451 tissimi
212 411 480 463 conlocentur,
502 413 592 462 quia
613 411 667 450 ibi
694 413 865 462 impetus
886 411 1051 462 amplior
1071 412 1157 449 fieri
1178 411 1398 449 consueuit.

49 470 148 509 Item
186 471 399 509 aduersum
438 483 608 509 cuneum
646 470 818 509 hostium
865 471 983 509 certis
1022 471 1222 508 resistitur
1260 469 1436 508 modis.5

51 529 209 568 Cuneus
242 529 387 568 dicitur
419 529 630 568 multitudo
662 529 857 581 peditum,
898 542 996 580 quae
1029 530 1162 568 iuncta
1194 540 1285 567 cum
1318 529 1399 566 acie

49 590 176 639 primo
215 589 419 639 angustior
457 588 598 627 deinde
637 587 752 626 latior
790 588 969 638 procedit
1007 594 1045 626 et
1080 588 1400 626 aduersariorum

50 647 208 686 ordines
241 648 405 699 rumpit,
440 650 529 698 quia
561 660 582 686 a
613 646 793 698 pluribus
820 648 860 685 in
886 659 1009 685 unum
1042 646 1170 685 locum
1204 647 1279 685 tela
1313 648 1400 684 mit-

50 711 200 745 tuntur.
235 706 358 751 Quam
379 718 464 745 rem
484 706 629 745 milites
651 707 853 744 nominant
868 712 986 756 caput
999 707 1218 756 porcinum.
1256 705 1400 744 Contra

52 765 156 815 quod
196 765 389 804 ordinatio
428 766 605 817 ponitur,
646 777 763 816 quam
804 765 980 803 forficem
1013 770 1167 804 uocant.
1223 764 1319 803 Nan]
1353 774 1456 802 exio

50 823 276 862 lectissimis
302 824 492 863 militibus
519 826 559 863 in
584 834 614 863 V
641 824 812 862 litteram
839 823 935 862 ordo
963 825 1200 874 conponitur
1227 829 1266 862 et
1291 823 1401 861 illum

51 895 221 922 cuneum
250 885 395 934 excipit
421 889 538 934 atque
566 895 611 922 ex
632 888 800 934 utraque
828 888 939 933 parte
961 883 1178 933 concludit,
1200 894 1278 933 quo
1299 882 1401 920 facto

51 943 174 980 aciem
212 954 291 980 non
328 947 459 992 potest
496 954 694 993 rumpere.
759 941 856 980 Item
896 954 1004 980 serra
1044 941 1188 980 dicitur
1222 953 1321 992 quae
1354 941 1401 979 ab

52 1002 224 1039 strenuis
245 1000 394 1039 directa
415 1006 503 1040 ante
526 1002 696 1040 frontem
721 1000 934 1051 obponitur
955 1000 1154 1052 hostibus,
1181 1006 1224 1039 ut
1244 999 1401 1039 turbata

52 1061 155 1098 acies
181 1066 399 1110 reparetur.
451 1060 597 1099 Globus
624 1065 755 1098 autem
783 1060 928 1098 dicitur
956 1061 1023 1111 qui
1050 1072 1070 1098 a
1096 1071 1165 1098 sua
1187 1060 1269 1098 acie
1291 1071 1399 1109 sepa·
1422 1068 1455 1095 15

51 1125 161 1157 ratus
188 1131 286 1169 uago
314 1125 560 1169 superuentu
586 1121 762 1157 incursat
782 1120 980 1170 inimicos,
1007 1124 1144 1157 contra
1166 1130 1282 1170 quem
1305 1117 1402 1156 alter

51 1177 280 1228 populosior
301 1178 365 1216 uel
392 1179 532 1217 fortior
552 1178 765 1216 inmittitur
786 1177 936 1228 globus.
982 1177 1285 1216 Obseruandum
1307 1189 1401 1228 quo-

74 1279 117 1313 V.
144 1278 183 1315 L.
243 1284 260 1313 1
289 1280 454 1325 drungos
470 1280 526 1315 εΡ
549 1280 762 1325 drongosH
788 1279 986 1314 druneose
1065 1283 1084 1313 2
1112 1289 1337 1322 cornumque
1359 1278 1407 1312 M

52 1327 242 1373 cornuque
268 1327 305 1361 A
338 1338 525 1371 cornuque
553 1330 600 1362 λπ
720 1327 915 1372 rotundes]
944 1326 1115 1361 rotundis
1137 1327 1200 1372 Αμ
1229 1325 1408 1361 retundas

51 1384 95 1408 ecc
123 1373 212 1408 Par.
240 1377 341 1410 7230
366 1376 420 1417 A,
447 1385 597 1419 quocum
623 1375 804 1410 artissime
830 1375 1009 1417 cohaeret,
1042 1375 1158 1409 codici
1187 1373 1221 1408 G
1252 1374 1403 1408 uindico

171 1448 191 1477 3
220 1444 292 1478 Sed
325 1445 362 1479 et
393 1444 415 1479 i.
452 1445 482 1490 Q
512 1446 623 1490 uuzyo
656 1423 777 1481 eaesi.
804 1445 839 1479 L
944 1443 1132 1478 fortissimi
1164 1443 1404 1478 conlocentur

54 1490 152 1536 (coll.
167 1494 207 1536 π)
229 1493 305 1526 Α’π
324 1491 542 1527 fortissimos
551 1493 790 1528 conlocentur
806 1493 854 1526 M
872 1490 1089 1526 fortissimos
1106 1491 1300 1526 conlocent
1314 1493 1332 1524 λ

53 1566 72 1596 5
95 1562 202 1607 item]
222 1561 364 1597 hisdem
383 1566 402 1597 λ
467 1563 641 1598 aduersus
650 1577 676 1598 π
739 1562 861 1598 certus
867 1543 1041 1598 -modis
1050 1565 1085 1597 H
1153 1566 1172 1596 6
1195 1561 1311 1607 [cum]
1327 1560 1403 1596 Ser.

53 1632 164 1668 Schw.
228 1637 247 1667 8
275 1633 363 1677 quia
389 1644 410 1667 a
436 1634 533 1669 GeP
553 1614 661 1678 quiz?
684 1633 855 1678 pluribus
870 1636 908 1668 H
932 1633 1019 1678 quia
1046 1633 1100 1678 [a]
1124 1633 1158 1667 α’
1186 1633 1247 1677 qm
1272 1643 1294 1665 a
1314 1634 1332 1665 λ
1369 1678 1375 1684 ι

55 1683 97 1715 10
119 1679 269 1714 forficen
290 1682 312 1715 ὃ
365 1685 405 1715 11
427 1680 466 1715 in
485 1682 517 1715 V
538 1682 714 1717 litteraP
731 1680 769 1716 in
787 1681 816 1715 V
837 1681 964 1715 littera
984 1682 1060 1716 (sed
1082 1679 1115 1713 V
1135 1681 1159 1716 i.
1182 1681 1204 1714 I.
1225 1682 1288 1722 er.)
1311 1680 1350 1712 H
1366 1691 1403 1712 in

52 1751 180 1785 littera
208 1762 226 1784 C
252 1753 268 1784 1
293 1762 315 1786 a
354 1751 388 1785 V
410 1750 449 1786 in
485 1752 550 1798 [V]
583 1752 701 1787 latera
732 1753 771 1787 D
802 1752 840 1786 in
871 1751 905 1786 V
938 1744 1000 1786 liti
1034 1752 1081 1785 M
1110 1749 1149 1785 in
1180 1750 1214 1784 V
1246 1742 1309 1784 litt
1340 1752 1405 1784 aut

52 1800 123 1856 lit?
147 1822 195 1866 Al
235 1822 401 1866 (intrusit
433 1824 544 1858 erasit
581 1824 774 1859 subiunxit
805 1824 854 1869 Α2
894 1823 933 1857 in
965 1821 1208 1857 similitudine
1242 1820 1274 1855 V
1306 1798 1403 1872 litte.)

53 1868 92 1902 in
118 1869 151 1903 V
177 1868 284 1903 littus
305 1870 393 1904 Par.
422 1873 521 1906 7230
547 1871 583 1905 A
613 1873 665 1912 (u.
693 1875 737 1914 s.)
767 1871 806 1905 in
839 1883 952 1905 unum
986 1868 1162 1904 confertis
1183 1871 1201 1902 λ
1297 1879 1404 1912 poni-

54 1917 115 1950 tur
147 1916 235 1952 Par.
271 1919 370 1951 7230
395 1918 431 1951 A
532 1922 575 1952 14
606 1930 628 1952 a
661 1917 817 1953 strenuis
838 1919 875 1953 P
970 1922 1012 1952 16
1044 1916 1266 1961 superuentu
1293 1916 1348 1959 (in
1373 1915 1411 1949 P

54 1974 144 1999 corr.
177 1975 220 1998 em
252 1963 484 2009 sempuentu)
517 1978 543 1999 π
578 1964 797 2010 superuento
830 1966 875 2000 A'
909 1964 1171 2009 super-uentum
1205 1963 1253 1997 M
1283 1962 1405 2007 super-

54 2012 171 2045 uentu
194 2012 273 2045 tum
301 2014 319 2045 λ

79 2094 113 2129 S.
141 2095 182 2128 L.
257 2099 277 2128 2
304 2094 481 2141 replices]
502 2094 661 2139 replecis
677 2096 724 2140 Al
755 2094 948 2139 repletispt
973 2093 1120 2139 repleas
1139 2092 1228 2128 Par.
1252 2096 1350 2128 7230
1370 2093 1406 2126 A

151 2146 170 2176 3
199 2141 462 2188 extremitatis]
496 2141 714 2177 stremitatis
735 2141 768 2175 α’
868 2146 887 2176 8
914 2141 1069 2186 rumpit]
1102 2141 1250 2185 rumpet
1277 2141 1310 2173 α’

58 2193 98 2222 11
128 2188 363 2233 componitur
388 2192 428 2223 H
550 2194 592 2224 12
620 2189 774 2234 excipit]
809 2190 978 2233 excoepit
1009 2190 1055 2233 Al
1095 2187 1243 2232 excepit
1268 2187 1318 2220 M

58 2239 102 2269 14
127 2236 305 2282 frontem]
332 2237 452 2271 fronte
479 2236 513 2271 α’
613 2236 812 2281 opponitur
838 2239 902 2281 μΠ
983 2239 1024 2270 15
1052 2235 1128 2280 sua]
1157 2235 1241 2268 suae
1268 2234 1317 2268 M

59 2287 102 2317 16
130 2284 242 2329 uago]
269 2284 365 2328 bago
394 2285 443 2318 M
543 2283 727 2329 incursat]
755 2282 921 2317 incurrat
947 2295 963 2317 ε
1067 2281 1255 2327 inimicos]
1285 2281 1406 2315 inimi-

57 2329 122 2364 cus
143 2329 177 2364 oc'
206 2331 267 2375 (L)
333 2335 374 2366 17
400 2331 628 2376 populosior]
656 2330 869 2375 populosios
892 2331 926 2364 α’
992 2328 1214 2375 inmittitur]
1240 2328 1406 2363 inmitte-

56 2378 119 2411 tur
144 2378 233 2423 A1L
264 2377 457 2413 inmitetur
492 2378 572 2423 ΜΩ
604 2377 772 2413 imitetur
809 2378 897 2413 Par.
931 2380 1030 2413 7230
1057 2377 1092 2411 A
1130 2376 1345 2411 immittitur
1371 2377 1411 2409 H
