1638 2620
581 115 662 150 Lib.
688 115 768 158 1111,
794 118 850 150 44.
879 118 934 150 45.
1348 113 1432 154 163

87 216 274 266 stituunt,
307 221 350 253 ut
381 219 579 265 tamquam
612 213 659 252 de
692 225 807 252 muro
839 214 892 252 ita
925 212 972 252 de
1005 211 1290 251 excelsioribus
1322 212 1431 251 tabu-

86 273 174 312 latis
207 273 358 312 facilius
386 273 598 311 uulnerent
624 272 688 310 uel
713 274 909 322 perimant
935 273 1126 310 inimicos
1177 270 1271 310 Oleo
1298 273 1430 310 incen-

86 333 209 371 diario
243 338 383 383 stuppa
416 331 605 382 sulphure
640 336 678 369 et
710 330 901 369 bitumine
935 330 1145 369 obuolutae
1179 337 1216 369 et
1249 331 1433 369 ardentes

87 392 249 443 sagittae
283 403 354 442 per
386 389 557 429 ballistas
584 391 623 428 in
650 390 891 428 hosticarum
919 392 1079 428 nauium
1106 389 1239 428 alueos
1266 390 1431 440 infigun-

85 456 150 489 tur
182 455 400 500 unctasque
434 461 523 488 cera
557 455 595 487 et
626 450 713 499 pice
747 455 786 487 et
818 450 948 487 resina
980 448 1131 487 tabulas
1164 455 1222 487 tot
1248 449 1431 487 fomentis
1453 457 1469 481 5

85 510 233 560 ignium
255 513 418 559 repente
440 507 697 546 succendunt.
740 507 816 546 Alii
838 508 942 546 ferro
964 509 1247 546 interimuntur
1268 513 1307 545 et
1328 519 1432 559 saxo,

84 567 148 606 alii
180 567 318 605 ardere
352 572 548 618 coguntur
581 568 620 604 in
652 566 859 618 ssuctibus3
892 568 995 604 inter
1027 571 1134 605 tanta
1168 573 1297 605 tamen
1330 579 1430 604 mor-

84 627 183 665 tium
215 638 358 676 genera
393 627 460 676 qui
492 626 707 664 acerrimus
742 638 855 664 casus
887 631 958 676 est,
991 625 1229 663 absumenda
1257 625 1433 676 piscibus

88 685 285 736 insepulta
327 691 418 723 sunt
451 696 629 735 corpora.
694 683 802 722 XLV.
825 684 880 722 Ad
900 685 1028 722 instar
1049 690 1179 722 autem
1212 690 1580 723 ter-Quemadmodum„-

1305 728 1360 748 unii
1370 728 1441 748 bello
1452 728 1578 748 collocen-

83 745 223 782 restris
243 743 383 794 proelii
404 749 669 794 superuentus
698 744 796 782 fiunt
823 743 1094 794 ignorantibus
1123 745 1290 782 nauticis
1306 759 1346 778 tur
1363 758 1484 778 insidiae.

85 802 151 842 uel
183 804 287 841 circa
319 808 533 853 oportunas
565 802 784 840 insularum
817 804 1017 853 angustias
1053 802 1309 841 conlocantur
1342 804 1435 841 insi-

84 863 181 900 diae.
230 860 347 912 ldque
375 862 514 912 agitur,
547 867 590 900 ut
616 862 797 912 imparati
824 861 975 899 facilius
1003 861 1225 913 deleantur3
1259 863 1292 899 si
1319 861 1433 912 longo

88 921 252 970 remigio
286 921 436 971 fatigati
469 926 560 959 sunt
592 919 764 959 hostium
798 926 961 972 nautae,
994 921 1027 958 si
1059 927 1178 959 uento
1213 928 1435 971 urguentur

84 980 271 1031 aduerso,
313 980 345 1017 si
378 991 448 1030 pro
488 980 628 1017 rostris
667 985 727 1017 est
769 981 950 1031 rheuma,
991 981 1025 1017 si
1057 979 1150 1018 nihil
1186 982 1434 1030 suspicantes

83 1039 284 1076 dormiunt
310 1039 470 1090 inimici,
499 1040 531 1076 si
559 1039 688 1089 statio,
716 1050 830 1089 quam
852 1044 999 1089 tenent,
1026 1040 1174 1077 exitum
1203 1051 1280 1076 non
1303 1038 1431 1090 habet,
1455 1048 1487 1072 15

84 1099 117 1135 si
150 1096 361 1135 dimicandi
388 1102 518 1147 optata
546 1098 681 1135 euenit
707 1099 872 1148 occasio,
906 1098 1086 1136 fortunae
1119 1098 1320 1136 beneficiis
1347 1100 1431 1136 iun-

83 1156 231 1205 gendae
266 1160 358 1194 sunt
391 1168 530 1194 manus
563 1161 602 1194 et
629 1169 675 1194 ex
703 1158 971 1207 oportunitate
1000 1157 1192 1207 proelium
1221 1169 1430 1195 conseren-

83 1216 185 1253 dum.
244 1214 356 1260 Quod
397 1216 429 1253 si
468 1215 618 1253 cautela
659 1215 831 1254 hostium
872 1217 1029 1254 enitatis
1075 1216 1228 1253 insidiis
1274 1215 1431 1266 publico

83 1273 205 1311 Marte
247 1273 447 1326 confligat,
490 1279 584 1312 tunc
623 1273 867 1312 liburnarum
902 1275 1156 1313 instruendae
1190 1280 1283 1312 sunt
1316 1276 1432 1326 acies,

86 1345 161 1370 non
197 1332 368 1370 directae
403 1338 445 1371 ut
476 1334 515 1371 in
550 1335 708 1385 campiS‚
742 1334 809 1371 sed
842 1335 1031 1371 incuruae
1060 1333 1104 1372 ad
1133 1333 1432 1372 similitudinem
1453 1344 1487 1370 20

105 1435 148 1468 V.
170 1435 207 1469 L.
306 1438 325 1468 2
362 1434 542 1480 [facilius]
573 1433 645 1469 suis
666 1436 706 1468 H
812 1435 1034 1480 [per]imant
1061 1435 1094 1469 G
1191 1434 1281 1469 Oleo
1308 1435 1432 1470 incen-

85 1481 219 1527 diario]
257 1492 300 1515 ex
325 1481 554 1516 incendiario
582 1484 620 1515 H
739 1485 759 1516 3
786 1481 958 1526 sulphure
986 1483 1025 1516 et
1050 1484 1067 1515 λ
1095 1482 1188 1517 Giss.
1219 1483 1307 1517 Par.
1338 1485 1433 1519 7232

86 1528 238 1573 sulphur
264 1529 336 1573 (-or
361 1530 411 1571 A)
438 1531 476 1563 et
502 1529 537 1563 α’
564 1528 735 1573 sulphore
765 1528 798 1563 G
824 1529 997 1573 sulphure
1024 1529 1099 1564 ΠΡ
1201 1529 1369 1564 inuolute
1396 1532 1435 1564 H

201 1580 222 1610 4
249 1575 410 1621 [alueos]
441 1577 480 1610 Π
598 1582 616 1610 5
644 1576 796 1622 unctas]
824 1576 996 1610 inunctas
1017 1577 1127 1621 uulgo
1251 1577 1322 1622 [et]
1349 1577 1430 1621 pice

80 1624 162 1658 oleo
184 1625 222 1657 H
288 1624 338 1666 et]
360 1623 421 1657 uel
442 1623 535 1658 Giss.
560 1624 647 1658 Par.
665 1626 762 1659 7232
831 1629 850 1658 6
874 1624 1048 1669 [ignium]
1066 1625 1105 1657 Π
1168 1623 1432 1659 interimuntur

79 1695 189 1737 uzdyo
222 1693 479 1738 opprimuntur
506 1696 543 1727 H
574 1694 794 1728 interimunt
821 1695 876 1729 εΡ
994 1695 1092 1740 [alii]
1122 1695 1178 1729 sP
1284 1698 1302 1728 7
1336 1688 1433 1740 int-ra·a

79 1743 186 1776 tanta
214 1741 249 1774 P
328 1741 521 1786 mortium]
548 1741 682 1775 artium
710 1744 748 1775 H
828 1745 848 1775 8
876 1742 1116 1787 absumenda]
1146 1742 1386 1776 absumuntur
1411 1746 1429 1776 λ

78 1791 246 1830 (cetermn
272 1789 314 1822 de
342 1788 371 1832 Q
396 1799 471 1823 non
497 1789 623 1833 liquet,
659 1800 740 1823 cum
765 1790 923 1824 dimidia
952 1801 1044 1833 pars
1071 1790 1191 1823 ultimi
1216 1790 1299 1831 folii
1325 1790 1430 1832 desit)

175 1835 257 1871 CAP.
286 1834 393 1869 XLV.
466 1839 507 1869 10
534 1836 641 1881 fiunt]
668 1836 760 1870 fiant
785 1839 822 1870 H
920 1841 961 1870 12
988 1836 1164 1880 imparati
1191 1837 1303 1871 GHP
1325 1837 1428 1881 inpa-

78 1883 151 1918 rati
171 1897 196 1927 μ
217 1882 305 1928 (9.9)
332 1882 506 1927 imperati
531 1883 566 1916 A
591 1882 755 1927 imperiti
784 1884 872 1918 Par.
901 1886 1000 1919 7232
1026 1883 1200 1927 imparati
1227 1884 1286 1918 uel
1311 1884 1429 1928 impe-

77 1930 141 1965 riti
167 1930 260 1965 Giss.
338 1933 379 1963 13
407 1929 605 1973 defatigati
632 1932 670 1963 H
737 1935 779 1965 14
804 1942 870 1975 pro
898 1931 1040 1976 rostris]
1070 1932 1146 1965 ΠΡ
1174 1930 1267 1965 Giss.
1296 1933 1314 1964 λ
1339 1931 1429 1976 (ῼΡ)

78 1990 112 2022 p.
140 1977 274 2012 nostris
295 1990 318 2010 α
346 1988 502 2021 pronum
530 1977 616 2012 Par.
647 1980 745 2013 7232
842 1989 969 2013 reuma
999 1978 1028 2013 O
1097 1978 1156 2024 [si]
1184 1978 1278 2012 nihil
1305 1978 1361 2012 &P

82 2028 122 2059 15
144 2025 172 2059 si
191 2024 301 2059 statio
318 2027 353 2058 H
368 2025 457 2059 Par.
473 2027 575 2059 7232
597 2024 658 2069 [si]
681 2024 788 2059 statio
804 2038 828 2058 α
850 2029 886 2059 et-
903 2025 1012 2060 statio
1026 2028 1044 2060 λ
1060 2026 1153 2061 Giss.
1173 2026 1207 2059 P
1258 2030 1299 2060 16
1321 2024 1427 2059 dimi-

79 2073 189 2106 candi
209 2075 247 2106 H
268 2071 361 2107 Giss.
384 2072 470 2106 Par.
487 2074 588 2106 7232
615 2071 825 2106 dimicando
841 2073 906 2106 αΙ)
930 2072 1181 2107 dimicandum
1203 2086 1227 2117 μ
1254 2073 1300 2107 ad
1321 2072 1427 2106 dimi-

78 2120 236 2154 candum
255 2120 298 2165 L2
361 2120 491 2163 optata
512 2118 637 2153 euenit
651 2121 687 2153 Π
701 2120 789 2154 Par.
806 2122 905 2155 7232
925 2122 1051 2163 optate
1073 2120 1162 2163 (obt.
1177 2120 1211 2153 L
1232 2120 1359 2166 optate
1384 2119 1426 2164 Q)

78 2167 181 2201 uenit
208 2167 265 2200 εΡ
290 2168 419 2210 optata
444 2166 588 2200 uenerit
617 2165 713 2202 Glss.
783 2170 827 2201 20
853 2167 910 2212 ut]
938 2167 1030 2201 sicut
1056 2169 1094 2201 H
1160 2178 1290 2211 campo
1317 2168 1427 2212 uulgo

104 2260 137 2296 S.
165 2261 204 2294 L.
279 2266 299 2295 3
326 2261 508 2295 uitumine
535 2263 573 2295 H
639 2264 660 2294 4
687 2260 882 2295 osticarum
913 2262 961 2295 M
1026 2261 1153 2296 albeos
1176 2262 1209 2295 α’
1274 2265 1294 2296 8
1321 2262 1424 2296 absu-

79 2307 228 2353 menda]
256 2308 482 2343 aufumenda
507 2308 555 2353 Al
587 2307 803 2342 absumendi
829 2308 879 2342 M
971 2309 1053 2343 CAP.
1080 2308 1188 2343 XLV.
1243 2313 1283 2343 11
1312 2309 1425 2343 collo—

79 2357 210 2390 cantur
235 2357 274 2388 H
334 2359 377 2389 13
404 2358 582 2400 urgentur
608 2357 646 2389 H
708 2358 751 2389 14
777 2355 894 2390 nichil
915 2358 952 2389 Π
1009 2360 1053 2390 ‘20
1080 2355 1231 2390 incurbe
1252 2358 1313 2400 (—ae
1334 2356 1381 2401 G)
1402 2370 1424 2389 α’

1142 2413 1213 2449 11*
