1638 2620
45 465 84 487 De
127 465 135 485 1

48 501 98 522 que
117 495 262 516 naualibus.

189 103 272 145 162
686 102 765 137 Lib.
791 101 871 146 1111,
897 106 953 136 43.
980 106 1036 136 44.

187 215 407 253 narumque
434 201 557 240 moles
578 213 655 240 non
684 206 894 240 uentorum
919 199 1077 239 flatibus
1105 200 1171 238 sed
1196 211 1396 239 remorum
1416 199 1534 250 pulsu

190 262 439 301 aduersarios
459 261 633 311 percutit
652 260 794 298 rostris
814 271 1032 310 eorumque
1053 271 1213 297 rursum
1234 260 1405 309 impetus
1426 260 1535 311 uitat,

188 323 227 359 in
261 333 337 371 quo
371 332 490 371 opere
523 319 662 357 lacerti
694 320 887 369 remigum
921 324 960 357 et
986 330 1048 356 ars
1077 318 1231 356 clauum
1259 319 1432 368 regentis
1459 330 1536 356 ma-

189 381 303 430 gistri
335 380 542 418 uictoriam
573 383 747 428 praestat

100 467 125 486 ee
139 464 318 485 istos-mentis-
449 436 602 475 XLIIll.
634 436 752 475 Multa
780 436 939 487 quidem
959 447 1158 474 armorum
1179 447 1323 486 genera
1343 435 1537 486 proelium

335 502 525 535 terrestre
559 495 774 547 desiderat3
807 495 875 533 sed
907 495 1045 533 nauale
1079 501 1278 533 certamen
1306 507 1383 532 non
1411 494 1536 533 solum

190 557 324 608 plures
350 567 550 594 armorum
578 556 732 606 species
759 566 898 592 uerum
921 555 1037 593 etiam
1059 553 1259 592 machinas
1280 559 1319 591 et
1342 559 1537 592 tormenta

191 615 357 666 flagitat,
397 620 596 664 tamquam
634 615 674 652 in
714 614 837 652 muris
878 613 1087 651 dimicetur
1120 618 1159 651 et
1190 611 1380 651 turribus.
1438 612 1538 657 Quid

192 676 295 713 enim
317 673 516 712 crudelius
538 674 817 723 congressione
838 671 980 724 nauali,
1007 671 1074 710 ubi
1102 673 1213 722 aquis
1232 671 1411 709 homines
1438 672 1538 722 peri-

138 744 172 769 10
192 739 356 772 muntur
383 738 422 771 et
447 730 642 771 flammis?
691 731 908 781 Praecipua
941 743 1034 781 ergo
1063 743 1149 769 esse
1176 730 1294 768 debet
1320 731 1538 781 tegminum

192 805 298 844 cura,
326 798 369 831 ut
396 791 597 830 catafracti
619 791 682 829 uel
702 790 858 829 loricati
878 789 1018 841 galeati
1050 791 1167 828 etiam
1190 795 1228 828 et
1248 790 1377 828 ocreis
1399 789 1541 827 muniti

193 853 272 890 sint
297 850 453 890 milites.
496 850 550 888 De
577 862 696 888 onere
724 861 893 900 namque
921 861 1121 888 armorum
1149 861 1264 887 nemo
1291 853 1422 899 potest
1449 859 1540 886 con-

193 912 323 962 queri,
364 911 430 961 qui
469 915 576 948 stans
610 915 758 960 pugnat
795 910 836 947 in
874 907 1062 959 nauibus3
1102 913 1212 947 scuta
1251 919 1408 958 quoque
1448 905 1541 945 uali-

193 970 302 1008 diora
330 974 493 1020 propter
519 970 622 1007 ictus
649 968 822 1019 lapidum
844 973 882 1006 et
905 967 1092 1018 ampliora
1116 973 1339 1005 sumuntur.
1381 966 1543 1005 Praeter

140 1039 173 1065 15
195 1029 313 1067 falces
338 1033 377 1067 et
404 1028 650 1079 harpagones
678 1028 828 1077 aliaque
850 1025 1002 1065 naualia
1023 1038 1167 1077 genera
1195 1025 1363 1064 telorum
1392 1025 1543 1075 sagittis

194 1087 450 1126 missibilibus
472 1087 605 1125 fundis
628 1086 823 1124 sustibalis
843 1085 1055 1136 plumbatis
1076 1086 1233 1136 onagris
1255 1084 1421 1123 ballistis
1436 1095 1540 1122 scor-

194 1147 379 1198 pionibus
418 1145 543 1184 iacula
581 1147 752 1184 inuicem
791 1144 1017 1195 diriguntur
1057 1150 1096 1182 et
1129 1156 1219 1182 saxa
1251 1149 1308 1193 et,
1348 1143 1451 1193 quod
1486 1148 1545 1180 est

194 1207 372 1257 grauiuS‚
407 1207 473 1256 qui
506 1205 553 1243 de
586 1206 735 1243 uirtute
769 1211 1047 1255 praesumunt,
1089 1203 1255 1241 admotis
1288 1202 1456 1241 liburnis
1489 1202 1545 1239 in-

196 1266 310 1304 iectis
349 1263 536 1316 pontibus
575 1265 614 1302 in
655 1263 975 1302 aduersariorum
1014 1268 1223 1301 transeunt
1255 1273 1376 1300 naues
1410 1260 1544 1311 ibique

141 1336 176 1361 20
195 1324 334 1375 gladiis
367 1335 484 1362 manu
517 1322 563 1361 ad
603 1334 781 1373 manum,
822 1327 867 1360 ut
899 1322 1055 1373 dicitur,
1089 1322 1309 1360 comminus
1349 1320 1546 1358 dimicant.

195 1383 238 1421 In
273 1382 488 1421 maioribus
525 1383 642 1420 etiam
676 1381 843 1420 liburnis
883 1380 1176 1432 propugnacula
1210 1386 1420 1429 turresque
1455 1391 1545 1417 con—

218 1473 262 1508 V.
290 1474 328 1507 L.
432 1477 446 1506 1
477 1471 660 1517 [flatibus]
690 1473 727 1505 Π
808 1476 827 1506 2
855 1470 1102 1516 aduersarios]
1131 1470 1285 1505 aduersa
1312 1471 1351 1503 H
1432 1467 1554 1502 rursus

197 1521 291 1555 Giss.
320 1521 407 1555 Par.
436 1522 536 1555 7232
658 1518 839 1564 impetus]
868 1518 989 1553 uirtus
1010 1520 1049 1552 H
1150 1522 1170 1552 3
1196 1516 1380 1561 remigum
1407 1518 1444 1550 et
1470 1515 1546 1561 ars]

199 1568 292 1602 remi
319 1569 416 1602 locus
441 1577 583 1601 uacuus
609 1566 669 1599 ars
690 1568 729 1600 Π

269 1615 351 1649 CAP.
372 1614 519 1649 XLIIII.
560 1614 611 1647 Iu
630 1614 794 1658 inscript.
816 1613 918 1659 telis]
941 1612 1028 1657 pilis
1044 1614 1081 1646 H
1147 1615 1166 1646 5
1188 1611 1355 1656 quidem]
1376 1610 1496 1654 queda
1514 1611 1553 1643 H

269 1666 288 1697 9
318 1661 440 1707 aquis]
468 1663 505 1696 et
531 1660 640 1705 aquis
659 1662 770 1704 uulgo
821 1664 864 1695 10
890 1660 1075 1705 precipuae
1103 1661 1142 1693 H
1205 1659 1427 1704 tegiminum
1448 1658 1501 1692 St.

199 1714 240 1743 11
269 1708 475 1744 catafraota
500 1708 536 1743 A
563 1707 799 1742 catafractati
825 1708 906 1753 GQ2
939 1707 1029 1742 Par.
1057 1709 1153 1742 7232
1275 1706 1366 1751 [uel]
1395 1707 1433 1738 H

200 1762 241 1792 12
268 1757 446 1802 namque]
469 1767 613 1799 quoque
635 1757 673 1789 H
720 1755 857 1800 potest]
874 1755 986 1790 debet
1004 1755 1065 1789 uel
1085 1753 1211 1798 potest
1223 1757 1308 1797 post
1324 1753 1551 1787 Scriuerium

199 1805 384 1840 Schwebel.
439 1807 482 1837 14
502 1803 703 1837 sumuntur.
732 1802 899 1848 Praeter]
921 1802 1113 1836 sumuntur
1133 1813 1188 1846 pr.
1203 1813 1255 1834 απ
1271 1799 1293 1835 s.
1310 1801 1462 1844 propter
1476 1799 1546 1844 ZP2

297 1855 338 1886 15
365 1850 601 1895 harpagones
628 1851 737 1894 uulyo
764 1849 973 1894 arpagones
993 1848 1121 1884 A'HP
1151 1847 1353 1892 arpacones
1381 1860 1405 1891 μ
1444 1857 1549 1890 arpa-

198 1899 316 1944 gonas
337 1899 386 1944 A2
512 1898 672 1932 telorum
705 1897 794 1941 sag]
830 1898 998 1932 telorum.
1046 1896 1130 1940 Sag,
1162 1895 1190 1929 O
1216 1895 1375 1930 telorum
1403 1895 1441 1929 et
1474 1894 1548 1938 sag.

199 1947 284 1981 Par.
302 1946 452 1983 723οΑ
522 1949 564 1979 16
591 1943 790 1978 missilibus
810 1946 917 1983 (corr.
939 1956 982 1979 esc
1000 1942 1300 1985 missibilibusH)
1313 1942 1390 1976 ΠΡ
1449 1940 1550 1975 fusti-

199 1994 314 2039 balis]
335 1993 538 2028 fundibalis
548 1993 605 2027 εΡ
653 1995 695 2026 18
716 1991 882 2037 iniectis]
910 1991 1138 2036 ingectisque
1159 1991 1199 2024 H
1220 1989 1437 2033 iniectisque
1455 1987 1549 2023 Giss.

198 2041 386 2081 uectisque
406 2041 494 2075 Par.
517 2043 618 2076 7232
693 2043 738 2073 20
764 2051 914 2074 manum
942 2040 988 2074 ad
1013 2049 1162 2072 manum
1190 2037 1283 2072 Giss.
1346 2040 1389 2070 21
1419 2035 1492 2081 [In]
1516 2037 1555 2069 H

199 2103 379 2159 XL*
426 2128 442 2157 1
470 2122 606 2167 moles]
633 2122 744 2158 molis
765 2123 827 2167 Αμ
926 2126 945 2156 2
973 2119 1218 2166 aduersarios]
1247 2117 1477 2154 aduersarius
1497 2119 1545 2163 A1

295 2176 315 2206 3
344 2171 508 2216 clauum]
537 2169 682 2205 clabum
710 2170 745 2204 α’
1484 2200 1485 2203 ,

297 2218 379 2254 CAP.
406 2218 549 2253 XLHII.
601 2222 621 2253 6
647 2218 781 2252 nabale
807 2217 855 2263 Al
956 2228 1029 2251 non
1054 2215 1186 2260 solum]
1214 2226 1288 2249 non
1315 2213 1390 2247 sum
1417 2213 1467 2247 M

202 2306 221 2336 9
250 2301 453 2347 crudelius]
483 2300 644 2336 crudelis
665 2300 711 2346 Al
794 2304 836 2334 1ss
862 2299 1006 2334 balistis
1027 2299 1103 2333 ΑΠ
1127 2296 1282 2332 balistas
1302 2310 1327 2341 μ
1352 2261 1497 2331 ballistis
1518 2294 1551 2328 G

298 2353 342 2384 18
369 2349 549 2394 admotis]
577 2347 781 2383 admonitis
801 2349 848 2392 Ai
880 2346 1055 2382 ammotis
1077 2348 1113 2380 H
