1638 2620
143 728 177 754 10

143 1024 176 1050 15

196 87 251 129 98
743 87 822 123 Lib.
849 88 911 132 ΠΙ,
940 92 993 123 14.

196 192 322 226 aetate
355 188 500 226 maturi
533 193 571 225 et
603 199 677 225 usu
714 187 957 225 confidentes
984 193 1022 225 et
1047 188 1188 226 muniti
1214 189 1330 226 etiam
1357 190 1548 239 grauiori—

196 245 270 285 bus
291 247 410 285 armis
431 245 700 285 conlocantur.
744 245 793 284 Hi
817 247 920 284 enim
948 246 993 284 ad
1022 247 1150 285 uicem
1176 248 1280 285 muri
1306 259 1378 286 nec
1405 248 1547 287 cedere

196 317 269 344 nec
302 307 416 356 sequi
448 304 654 355 aliquando
682 304 848 355 cogendi
874 310 983 356 sunt,
1015 317 1064 343 ne
1091 305 1249 344 ordines
1276 306 1449 358 turbent,
1477 307 1546 345 sed

196 366 403 404 uenientes
418 363 667 402 aduersarios
689 365 871 414 excipere
895 369 933 402 et
953 364 1091 402 stando
1111 364 1401 416 pugnandoque
1423 365 1548 416 repel-

196 423 278 462 lere
306 422 369 461 uel
395 422 542 473 fugare.
582 422 741 461 Tertius
768 422 864 460 ordo
891 422 1114 474 disponitur
1141 423 1188 461 de
1209 425 1418 463 armaturis
1439 424 1546 463 uelo-

196 483 382 534 cissimis,
421 481 468 519 de
509 482 719 531 sagittariis
758 481 987 534 iuuenibus,
1023 482 1070 520 de
1103 481 1216 520 bonis
1255 482 1548 536 iaculatoribus,

197 553 296 592 quos
317 547 429 579 antea
449 540 684 578 ferentarios
712 540 976 580 nominabant.
1027 541 1199 586 Quartus
1223 543 1317 580 item
1338 542 1434 580 ordo
1455 554 1547 580 con-

198 601 367 638 struitur
393 599 439 637 de
468 600 632 638 scutatis
659 600 975 651 expeditissimis,
1002 599 1049 637 de
1077 601 1286 650 sagittariis
1312 600 1549 653 iunioribus,

197 659 244 698 de
271 659 349 710 his,
377 660 444 709 qui
470 658 652 696 alacriter
677 660 830 697 uerutis
857 658 921 697 uel
948 658 1271 709 mattiobarbulis,
1298 671 1394 710 quas
1420 659 1547 710 plum-

196 718 306 756 batas
339 719 560 769 nominant,
592 717 796 768 dimicant,
837 719 904 768 qui
936 717 1168 756 dicebantur
1205 717 1305 756 leuis
1337 724 1547 757 armatura.

198 777 410 816 Sciendum
445 788 538 827 ergo
572 782 632 815 est
664 776 858 815 stantibus
885 776 1040 815 duobus
1066 778 1204 828 primis
1231 776 1435 816 ordinibus
1467 784 1546 816 ter-

197 838 293 875 tium
328 841 367 874 et
400 842 584 886 quartum
611 835 791 874 ordinem
817 835 864 874 ad
890 835 1188 886 prouocandum
1214 848 1304 874 cum
1332 836 1546 875 missilibus

197 901 235 934 et
257 896 406 946 sagittis
427 896 553 946 primo
574 894 660 933 loco
682 907 838 946 semper
865 896 983 934 exire.
1028 893 1104 940 Qui
1130 897 1162 933 si
1188 895 1321 933 hostes
1347 897 1388 933 in
1416 896 1546 946 fugam

196 959 355 993 uertere
378 955 591 1006 potuerint,
611 955 687 1005 ipsi
707 966 797 992 cum
819 953 1019 1004 equitibus
1047 960 1329 1006 persecuntur3
1363 955 1423 992 sin
1450 966 1548 993 uero

197 1013 243 1052 ab
270 1013 452 1052 hostibus
478 1012 582 1063 pulsi
608 1013 772 1065 fuerint,
805 1013 973 1051 redeunt
998 1012 1045 1051 ad
1072 1014 1238 1063 primam
1265 1025 1308 1051 ac
1336 1014 1548 1051 secundam

197 1075 320 1111 aciem
350 1079 388 1111 et
414 1074 518 1111 inter
543 1073 649 1123 ipsos
676 1073 875 1122 recipiunt
902 1084 942 1110 se
967 1072 1014 1110 ad
1035 1071 1119 1110 loca
1139 1084 1221 1110 sua.
1265 1071 1396 1110 Prima
1417 1079 1548 1110 autem

197 1137 236 1171 et
268 1131 440 1170 secunda
473 1132 594 1182 acies,
628 1143 716 1169 cum
751 1131 797 1169 ad
837 1130 993 1182 spathas
1027 1137 1066 1169 et
1103 1131 1151 1169 ad
1188 1130 1283 1182 pila,
1316 1137 1360 1169 ut
1391 1131 1548 1183 dicitur,

196 1196 363 1230 uentum
390 1191 529 1241 fuerit,
556 1196 684 1228 totum
713 1191 882 1228 sustinet
901 1189 1060 1229 bellum.
1104 1189 1148 1228 In
1169 1191 1305 1240 quinta
1326 1191 1407 1228 acie
1428 1202 1549 1241 pone-

196 1249 341 1288 bantur
366 1249 565 1288 interdum
595 1248 885 1287 carroballistae
913 1255 952 1287 et
977 1249 1302 1287 manuballistarii
1329 1249 1548 1288 fundibula-

144 1322 158 1345 2
196 1315 304 1348 tores
331 1308 561 1347 funditores.
609 1307 940 1347 Fundibulatores
967 1313 1060 1347 sunt
1087 1310 1150 1359 qui
1180 1307 1374 1346 fustibalis
1400 1308 1548 1359 lapides

195 1370 354 1407 iaciunt.
405 1369 638 1406 Fzzstibalus
664 1367 780 1405 fustis
807 1373 866 1406 est
898 1367 1038 1418 longus
1064 1367 1232 1418 pedibus
1259 1373 1456 1419 quattuor7
1484 1368 1549 1406 cui

195 1440 266 1479 per
293 1427 466 1465 medium
493 1426 637 1477 ligatur
664 1426 784 1464 sunda
814 1426 860 1464 de
883 1429 989 1464 corio
1018 1433 1056 1465 et
1082 1433 1249 1477 utraque
1278 1439 1394 1465 manu
1421 1426 1548 1477 inpul-

219 1529 263 1564 V.
290 1529 328 1564 L.
417 1532 437 1563 2
465 1528 611 1574 cedere]
641 1528 816 1562 accedere
843 1530 882 1562 H
976 1532 997 1562 4
1025 1529 1062 1562 et
1086 1528 1286 1572 pugnando
1309 1528 1413 1574 [que]
1441 1530 1481 1562 Π

197 1581 217 1612 5
243 1577 372 1621 fugere
399 1576 433 1610 α’
461 1576 589 1620 fugere
616 1576 752 1620 cogant
777 1578 795 1609 λ
853 1579 872 1609 9
899 1575 1059 1610 uerrutis
1082 1577 1121 1609 H
1129 1575 1160 1608 V
1163 1576 1199 1609 P
1221 1575 1381 1610 uerratis
1397 1576 1442 1609 A'
1470 1587 1549 1610 uer-

195 1624 287 1659 tatis
310 1624 358 1657 M
382 1623 416 1658 se
443 1624 560 1668 agunt
586 1625 603 1656 λ
629 1623 690 1657 uel
715 1622 873 1667 sumptis
893 1622 932 1657 D
1034 1622 1337 1657 mattiobarbulis
1359 1623 1391 1657 G
1416 1623 1549 1658 matio-

196 1670 362 1706 barbolis
379 1684 403 1714 μ
428 1669 720 1705 matzobarbulif
735 1672 773 1704 Π
790 1671 960 1705 martiob.
983 1670 1081 1704 ΑδΡ
1137 1674 1180 1703 10
1201 1681 1295 1714 quae
1316 1669 1549 1715 dicebatur-y,

247 1723 287 1753 12
309 1717 548 1753 missibilibus
563 1719 605 1751 λδ
657 1721 699 1752 15
721 1718 781 1763 ac]
803 1719 840 1751 et
859 1719 970 1762 mclyo
1022 1722 1062 1751 16
1084 1716 1182 1761 ipsas
1196 1718 1307 1761 zculyo
1367 1722 1406 1752 17
1430 1717 1547 1763 [cum]

196 1767 244 1800 ad
259 1769 295 1800 Π
344 1766 391 1800 ad
411 1764 563 1810 spathas
572 1767 611 1799 Π
629 1765 675 1799 acl
695 1764 819 1809 spatas
832 1765 892 1799 §P
908 1765 954 1799 ad
975 1763 1181 1809 hispelthas
1196 1764 1230 1799 α’
1252 1764 1299 1799 ad
1319 1764 1497 1809 hispeltaf
1515 1764 1549 1798 G

196 1814 243 1848 ad
268 1812 481 1848 hisbelthas
502 1815 519 1846 λ
617 1813 664 1846 ad
690 1813 767 1857 pila
801 1812 871 1846 VP
894 1813 941 1846 ad
967 1813 1083 1856 pilam
1109 1812 1186 1846 HD
1212 1812 1258 1846 ad
1284 1812 1408 1856 pelam
1436 1824 1451 1847 ε

199 1865 241 1896 18
270 1860 399 1907 [fuerit
428 1860 566 1905 totum]
596 1861 635 1893 H
735 1860 773 1893 in
799 1859 929 1904 quinta
955 1862 994 1893 H
1023 1860 1060 1893 in
1092 1860 1227 1903 quarta.
1253 1859 1337 1894 εὸΡ
1436 1870 1548 1903 pone-

198 1910 308 1943 batur
334 1928 378 1933 —
406 1906 663 1943 corroballista
690 1920 704 1941 ε
789 1911 830 1941 19
858 1907 1060 1951 interdum]
1086 1906 1235 1941 interim
1262 1909 1301 1940 H
1378 1908 1548 1941 cai-roba-

196 1956 301 1991 ]istae
329 1968 356 1990 π
431 1955 499 1999 [et]
527 1967 554 1988 π
626 1954 861 1989 manubalist.
888 1967 914 1988 π
982 1953 1280 1989 fundibulatores
1300 1954 1376 1988 r'sed
1395 1953 1445 1988 nd
1473 1955 1494 1989 ι’.
1523 1956 1544 1988 Ι.

197 2015 244 2038 er.
272 2006 330 2045 H)
365 2003 392 2036 O
419 2001 698 2036 fustibulatores
720 2002 833 2038 Scine.
866 2001 1142 2036 fustibalatores
1168 2012 1242 2035 mm
1274 2000 1553 2036 fuftibulatoref

197 2052 238 2085 in
265 2052 389 2086 {efficis
409 2050 579 2084 inueniris
648 2053 691 2084 20
712 2048 1010 2084 fundibulatores
1028 2049 1056 2083 Ο
1082 2047 1350 2083 fustibalitores
1366 2050 1414 2093 Α2
1444 2048 1547 2082 fusti-

198 2098 389 2132 bulatores
404 2109 482 2132 cum
499 2097 665 2132 Illodesto
681 2097 793 2132 Selzzc.
847 2097 959 2142 [funt]
983 2109 998 2130 ε
1050 2100 1093 2130 21
1108 2095 1304 2130 fustibalus
1314 2095 1421 2130 fustis
1436 2097 1547 2140 uulyo

200 2146 257 2190 [fi]
284 2145 390 2178 fustis
413 2147 442 2178 t)
522 2144 657 2189 pedum
685 2145 744 2179 &P
820 2148 863 2178 22
893 2155 958 2188 per
983 2142 1149 2177 medium
1178 2142 1270 2177 GiP
1291 2154 1357 2187 pro
1384 2143 1547 2177 medium

223 2239 256 2274 S.
284 2239 321 2274 L.
387 2245 406 2274 ⁴2
435 2239 663 2274 collocantur
684 2241 722 2272 Π
782 2238 835 2272 hii
861 2239 896 2272 A
959 2242 978 2272 5
1005 2237 1259 2272 uellocissimis
1275 2239 1321 2282 A1
1392 2242 1410 2272 7
1437 2237 1544 2282 item]

196 2286 295 2321 idem
317 2300 332 2322 ε
388 2291 428 2321 12
451 2299 533 2321 cum
553 2286 768 2331 missilibus]
792 2284 1073 2320 eommissilibuf
1089 2298 1112 2318 oc
1170 2290 1210 2319 13
1233 2284 1376 2330 fugam]
1400 2285 1491 2328 fuga
1510 2285 1546 2318 α’

236 2338 278 2368 15
295 2335 358 2381 ab]
373 2335 419 2369 ad
434 2333 467 2368 α’
514 2338 556 2368 22
569 2334 722 2379 ligatur]
732 2334 880 2379 legatur
890 2334 924 2367 α’
969 2332 1086 2378 corio]
1097 2331 1235 2367 corium
1250 2333 1284 2365 α’
1330 2331 1551 2377 impulsum}
