1638 2620
109 762 143 786 10

108 1056 141 1081 15

105 1351 139 1375 20

163 124 217 165 76
717 126 795 160 Lib.
819 125 881 168 111,
910 129 940 160 6.

163 235 258 261 neos
298 225 547 274 scientesque
590 226 825 274 praecipere
867 235 1011 273 eosque
1052 223 1253 261 custodiae
1286 225 1509 273 mancipare

162 282 290 320 addita
318 295 466 333 poenae
494 284 755 320 ostentatione
784 282 849 320 uel
875 283 1050 332 praemii.
1094 281 1222 320 Erunt
1248 283 1353 320 enirn
1380 282 1508 329 utiles,

163 353 251 379 cum
278 341 508 391 intellegant
534 353 606 378 nec
635 340 810 391 fugiendi
839 340 911 379 sibi
940 342 1088 392 copiam
1117 353 1325 392 superesse
1354 346 1391 379 et
1418 341 1509 379 fidei

163 401 381 450 praemium
409 412 452 437 ac
479 399 665 450 perfidiae
692 405 824 450 parata
852 399 1052 450 supplicia.
1098 399 1393 438 Prouidendum
1415 411 1509 450 quo-

164 471 254 510 que,
281 465 324 496 ut
351 460 547 508 sapientes
575 460 858 509 exercitatique
887 464 1138 510 quaerantur,
1172 471 1219 496 ne
1247 458 1415 496 duorum
1443 465 1510 497 aut

163 519 281 555 trium
316 528 428 555 error
461 516 671 555 discrimen
713 519 837 568 pariat
876 518 1095 568 uniuersis3
1134 517 1334 555 interdurn
1377 522 1508 555 autem

160 577 340 627 imperita
374 577 574 614 rusticitas
607 576 720 626 plura
753 577 948 627 promittit
981 582 1019 614 et
1052 576 1178 614 credit
1210 588 1252 613 se
1281 577 1381 614 scire
1409 588 1509 626 quae

161 636 297 673 nescit.
350 634 424 672 Sed
448 635 621 673 cautelae
650 641 765 686 caput
793 641 864 687 est,
890 640 944 686 ut,
974 634 1019 672 ad
1049 646 1147 685 quae
1175 634 1256 672 loca
1284 634 1347 672 uel
1369 634 1511 685 quibus

162 693 371 732 itineribus
404 695 455 732 sit
486 694 739 744 profecturus
770 695 979 745 exercitus,
1012 695 1236 745 ignoretur3
1269 694 1510 731 tutissimum

164 764 331 802 namque
371 754 411 790 in
452 752 767 803 expeditionibus
807 753 984 790 creditur
1022 751 1197 790 facienda
1236 753 1394 790 nesciri.
1452 751 1510 790 Ob

162 811 236 848 hoc
271 817 427 849 ueteres
454 811 664 850 Minotauri
693 814 847 862 signum
874 813 913 849 in
941 811 1161 862 legionibus
1188 810 1423 862 babuerunt,
1457 815 1512 862 ut,

165 870 494 919 quemadmodum
522 871 586 908 ille
613 872 650 908 in
679 872 817 909 intimo
846 877 884 908 et
912 872 1178 908 secretissimo
1206 869 1426 920 labyrintho
1448 869 1511 907 ab-

160 929 267 967 ditus
291 929 535 981 perhibetur,
561 929 745 968 itaducis
768 929 976 967 consilium
1000 941 1156 979 semper
1177 935 1281 966 esset
1301 929 1511 967 occultum.

161 987 355 1026 Securum
389 990 465 1026 iter
497 990 626 1039 agitur
659 989 763 1039 quod
798 988 990 1039 agendum
1025 988 1159 1026 hostes
1192 988 1351 1025 minime
1385 988 1511 1038 suspi—

163 1054 313 1085 cantur.
371 1047 533 1099 Verum,
574 1049 664 1098 quia
698 1047 969 1098 exploratores
1002 1046 1236 1085 altrinsecus
1276 1047 1384 1083 missi
1422 1058 1510 1097 pro-

161 1106 374 1144 fectionem
407 1106 694 1157 suspitionibus
729 1106 790 1144 uel
827 1105 950 1144 oculis
984 1104 1286 1156 deprehendunt
1320 1110 1357 1142 et
1390 1106 1510 1143 inter-

159 1164 251 1202 dum
285 1166 510 1215 transfugae
544 1165 847 1216 proditoresque
881 1177 958 1202 non
992 1165 1147 1214 desunt,
1181 1163 1512 1213 quemadmodum

159 1225 315 1261 occurri
350 1224 628 1273 ingruentibus
661 1224 812 1274 debeat,
845 1225 1061 1262 intimetur.
1116 1222 1201 1261 Dux
1235 1234 1324 1260 cum
1358 1223 1511 1273 agmine

159 1283 358 1320 exercitus
379 1283 632 1333 profecturus
654 1283 903 1321 fidelissimos
923 1283 1277 1333 argutissimosque
1294 1293 1382 1319 cum
1399 1282 1511 1332 equis

159 1340 448 1391 probatissimis
476 1344 614 1393 mittat,
642 1343 709 1392 qui
736 1342 831 1393 loca,
859 1354 929 1392 per
956 1354 1054 1391 quae
1089 1343 1165 1379 iter
1195 1340 1416 1378 faciendum
1441 1346 1515 1392 est,

158 1401 196 1437 in
227 1413 438 1451 progressu
468 1406 507 1438 et
534 1413 553 1438 a
582 1406 704 1452 tergo,
726 1400 860 1438 dextra
886 1400 1074 1450 laeuaque
1095 1398 1350 1450 perlustrent,
1370 1411 1418 1437 ne
1446 1398 1511 1436 ali-

159 1470 255 1509 quas
283 1459 501 1497 aduersarii
528 1459 740 1497 moliantur
761 1459 933 1497 insidias.
984 1458 1126 1497 Tutius
1146 1463 1278 1496 autem
1299 1464 1513 1508 operantur

182 1582 225 1617 V.
251 1582 290 1617 L.
365 1583 458 1617 tium
481 1585 541 1618 δΡ
564 1584 820 1629 eligendarum
846 1586 957 1629 uulyo
1033 1587 1050 1616 1
1078 1583 1294 1628 praecipere
1316 1582 1366 1617 St.
1394 1583 1511 1627 perci-

156 1641 244 1674 pere
273 1630 302 1664 0
369 1630 552 1666 custodire
573 1634 611 1666 H
636 1632 802 1667 custodia
823 1633 859 1666 P
930 1635 950 1665 2
979 1630 1224 1665 ostentatione
1246 1631 1306 1664 {H
1331 1629 1513 1664 contesta-

156 1677 257 1712 tione
280 1677 349 1712 VP
372 1678 634 1713 constitutione
655 1680 692 1713 D
749 1684 769 1714 3
796 1679 1011 1723 intelligent
1030 1679 1139 1722 uulyo
1188 1688 1234 1711 ne
1260 1677 1429 1721 fugiendi
1448 1678 1511 1722 Αμ

230 1728 250 1758 8
278 1725 446 1760 cautelae
473 1728 585 1770 caput
610 1726 663 1760 est
682 1725 786 1770 μθΠ
811 1727 984 1771 pautelae
1010 1731 1124 1769 caput
1150 1724 1202 1758 est
1220 1725 1256 1758 A
1282 1724 1372 1758 utile
1400 1725 1515 1769 caput

156 1771 210 1805 est
237 1772 299 1805 ὃΡ
370 1773 415 1807 ad
443 1784 536 1816 quae
564 1775 691 1817 (atque
710 1774 761 1818 V)
789 1774 811 1808 l.
834 1774 895 1808 ὃΡ
916 1783 1009 1817 aque
1035 1773 1058 1808 1.
1086 1785 1110 1806 α
1136 1773 1183 1805 ad
1210 1771 1280 1815 que
1301 1770 1386 1805 loca
1405 1774 1439 1805 H
1467 1782 1512 1806 ea

155 1819 238 1853 loca
262 1829 330 1863 per
356 1831 452 1864 quae
478 1823 496 1854 λ
528 1831 595 1864 per
620 1831 715 1865 quae
741 1820 826 1855 loca
851 1822 963 1865 uulyo
1067 1824 1087 1854 9
1112 1818 1332 1854 tutissimum
1362 1817 1509 1862 (tutissi-

155 1866 238 1900 mus
254 1867 306 1911 D)
325 1879 360 1901 n.
382 1866 404 1901 i.
428 1867 728 1911 expeditionibus
743 1869 829 1903 A'n'
850 1867 1031 1902 tutissima
1052 1879 1085 1901 n.
1107 1867 1130 1901 i.
1152 1864 1450 1910 expeditionibus
1465 1866 1515 1900 M

153 1913 337 1948 tutissima
356 1924 515 1958 namque
531 1915 718 1959 expeditio
734 1916 791 1950 λΡ
840 1919 882 1950 10
902 1914 1048 1959 nesciri]
1069 1915 1115 1948 ab
1135 1911 1443 1948 hostibusnesciri
1457 1913 1516 1947 λΡ

230 1965 271 1994 12
298 1961 512 2006 labyrintho
538 1962 574 1996 P
603 1962 789 2005 labyrinto
817 1962 877 1997 sV
906 1961 1119 1997 laberintho
1147 1962 1186 1994 H
1213 1959 1397 1995 laberinto
1420 1959 1507 2005 ΒΩ2

228 2012 267 2042 13
299 2019 328 2043 ο.
353 2020 381 2044 e.
404 2010 513 2054 uulgo
590 2014 632 2044 16
659 2009 951 2054 suspectionibus
966 2010 1044 2043 ΒΡ
1069 2006 1391 2052 ΓιιΓρθξοίοῃὶΙωΓ
1407 2006 1441 2040 V

228 2059 269 2089 17
296 2055 576 2100 proditoresque
604 2057 664 2091 ὃΡ
691 2056 903 2101 proditores
930 2068 1001 2103 que
1033 2056 1070 2090 A
1100 2053 1312 2101 proditores
1339 2064 1432 2097 quae
1465 2053 1514 2088 M

153 2102 365 2147 proditores
386 2103 450 2147 qui
477 2104 529 2138 Gt
556 2103 871 2150 proditoreffque]
900 2105 940 2138 H
1032 2107 1077 2137 20
1103 2114 1168 2147 per
1194 2113 1267 2147 qua
1291 2101 1354 2146 Αμ

178 2220 212 2254 S.
241 2221 281 2254 L.
345 2225 364 2254 2
392 2222 549 2267 poenae]
576 2232 669 2266 pene
697 2222 747 2256 M
766 2233 861 2269 pene
888 2224 927 2256 H
985 2225 1003 2255 7
1030 2219 1231 2265 promittit]
1260 2219 1456 2263 promittet
1473 2219 1508 2252 A

249 2267 383 2313 credit]
419 2269 544 2304 credet
575 2269 612 2303 A
733 2274 752 2303 9
786 2268 1038 2314 profecturus]
1072 2267 1328 2312 profecturum
1360 2266 1408 2311 A1

155 2317 197 2348 12
224 2316 551 2358 quemammodum
581 2317 621 2350 H
642 2317 725 2351 item
750 2318 873 2351 statim
962 2320 1004 2350 19
1030 2313 1369 2359 argutissimosque]
1398 2325 1504 2359 argu-

152 2360 312 2395 tissimos
332 2362 396 2406 qui
421 2363 469 2408 Al
573 2367 616 2398 22
643 2363 779 2409 tutius]
807 2362 925 2398 totius
947 2363 1025 2397 oc'H
