1638 2620
142 82 245 118 XXX
714 83 912 119 Praefatio.

144 185 236 231 cipit
268 183 446 221 Historia
478 184 658 221 Romana
689 183 870 230 Eutropii
903 182 1066 221 Gentilis
1099 183 1222 231 Vsque
1246 182 1313 222 Ad
1340 182 1491 222 Obitum

393 240 462 261 „ss—

142 272 302 310 Iouiani
326 272 521 319 Imptoris
554 270 627 308 Cui
652 269 799 318 Aliqua
825 271 974 309 Paulus
998 269 1265 320 Aquileyensis
1291 273 1492 311 Diaconus

142 329 308 368 Addidit
338 331 492 378 Royatu
522 327 763 377 Adelperyae
793 329 1091 368 Beneuentanae
1122 331 1318 369 Ducti-icis
1343 332 1492 369 Deinde

143 389 254 427 Idem
285 389 435 427 Paulus
466 389 531 426 Ex
562 388 743 426 Diuersis
780 387 1014 427 Auctoribus
1053 388 1241 437 Colliyens
1270 389 1309 427 A
1350 390 1490 428 Ualen-

142 449 283 486 tiniani
318 449 488 495 Imperio
526 447 723 494 Incipiens
771 447 895 494 Vsque
925 446 991 486 Ad
1030 448 1218 496 Tempora
1255 449 1492 495 Iustiniani,·

145 506 262 554 Quem
296 507 516 554 Landolfus
540 505 672 553 Sayax
697 505 854 544 Secutus
879 507 1004 544 Plura
1030 507 1083 544 Et
1107 508 1199 555 Ipse
1223 508 1287 546 Ea:
1312 508 1493 546 Diuerse's

142 564 376 603 Auctoribus
409 565 597 613 Colliyens
633 565 687 602 In
723 565 874 603 Eadem
910 566 1088 603 Historia
1124 563 1287 604 Addidit
1317 567 1371 604 Et
1400 567 1492 604 Per-

145 625 253 662 duxit
283 624 387 661 Eam
426 624 551 671 Vsque
582 621 648 662 Ad
677 624 894 671 Imperium
925 623 1068 662 Leonis
1109 624 1216 672 Quod
1247 625 1322 663 Est
1352 623 1494 663 Annus

149 712 377 750 Dominicae
418 713 710 751 Incarnationis
754 711 970 750 DCCCVI
1013 681 1151 752 [nd—ise:
1191 713 1287 751 VH.
1349 713 1495 761 Incipit

189 771 259 792 -ss-.

145 801 222 839 Lib
254 797 383 838 Prim9
415 796 640 839 Historiae'.
702 800 955 849 Subiunyitur
998 802 1115 839 series
1159 803 1432 848 imperatorum
1471 813 1495 839 a

145 859 311 897 Caesare
350 860 402 898 ad
438 860 637 898 Basiliam
674 863 708 897 et
747 859 1041 898 Constantinum
1085 861 1230 907 scripta
1274 861 1321 898 ab
1359 861 1495 898 horum

145 920 308 966 aequali,
339 922 381 956 ut
411 919 575 962 uidetur,
608 919 758 965 sedulo‚·
799 920 982 957 adnotata
1013 922 1102 957 sunt
1132 930 1336 966 reynerum
1367 921 1494 966 spatia

142 989 210 1015 nec
240 989 317 1015 non
347 989 499 1016 summa
532 989 672 1021 eorum,
706 990 803 1025 quae
833 979 885 1016 ad
909 989 990 1015 rem
1016 978 1266 1016 christianam
1290 980 1494 1025 pertinent.

143 1037 228 1075 Fol.
268 1038 350 1075 305
403 1031 619 1084 ‘Auyustae
667 1037 932 1075 Romanorum
981 1036 1086 1084 Quae
1130 1036 1497 1084 Constantinopolim

143 1091 434 1143 Reynaucrunt’
481 1090 592 1148 (haec
635 1097 768 1134 litteris
812 1097 1013 1143 quadratis
1043 1097 1160 1143 pictis
1197 1097 1406 1143 eisdemque
1438 1108 1497 1133 εκτ-

144 1157 260 1192 arata
297 1148 416 1206 sunt).
478 1154 604 1192 Series
647 1156 780 1202 'incipit
821 1156 868 1192 ab
919 1149 1087 1192 ‘Fausta
1128 1165 1226 1192 uxor
1268 1156 1497 1192 constantini

143 1215 275 1260 mayni
323 1214 449 1251 helene
497 1208 611 1259 filii',
668 1214 784 1251 desin.
850 1209 1042 1251 ‘Euaoci'a
1096 1225 1194 1250 uazor
1249 1208 1496 1251 michahelis'.

144 1272 228 1309 Fol.
270 1273 501 1310 306—359
543 1274 754 1310 continetur
806 1272 948 1320 Veyetii
992 1273 1165 1319 epitoma.
1227 1272 1281 1309 In
1324 1274 1497 1320 margine

143 1342 210 1369 nec
254 1343 331 1369 non
367 1333 466 1369 inter
510 1332 632 1369 lineas
670 1334 861 1379 apparent
893 1332 1060 1379 ylossae,
1105 1343 1202 1377 quas
1237 1332 1361 1378 parui
1403 1331 1496 1378 feci,-

144 1393 233 1428 sunt
286 1393 413 1428 autem
463 1391 629 1428 eiusdem
677 1402 817 1428 manus
865 1391 1202 1438 Lonyobardicae;
1266 1391 1385 1428 eidem
1436 1391 1495 1427 de-

144 1450 274 1487 bemus
303 1450 446 1487 multas
476 1450 518 1487 'in
558 1452 659 1487 textu
696 1451 960 1492 correctiones,
1010 1460 1106 1496 quae
1131 1449 1292 1486 Henrici
1323 1450 1496 1496 tempori-

145 1509 214 1546 bus
268 1510 483 1555 superiores
539 1508 733 1546 ducendae
787 1511 886 1546 sunt.
958 1508 1095 1545 Plures
1158 1509 1290 1545 insunt
1345 1520 1496 1551 manus,

146 1579 243 1614 quas
274 1568 434 1614 difficile
466 1568 702 1615 distinyuas;
745 1579 837 1605 nam
868 1569 948 1605 ‘iam
977 1569 1111 1614 prima
1136 1570 1226 1614 post
1255 1567 1408 1612 finitum
1441 1567 1496 1604 la-

145 1627 271 1664 borem
303 1627 513 1674 complures
540 1627 637 1664 locos
662 1627 881 1664 emendasse
905 1627 1071 1669 uidetur,
1105 1627 1193 1663 aliis
1219 1626 1309 1663 locis
1335 1628 1497 1673 apparet

145 1686 268 1723 altera
299 1697 455 1728 manus,
490 1686 579 1723 aliis
611 1687 732 1723 tertia.
792 1686 950 1723 Indicia
994 1686 1182 1732 quaedam
1228 1685 1358 1722 docent
1398 1685 1497 1722 hmzc

148 1755 191 1782 eoo
235 1745 358 1782 codice
400 1745 690 1792 Lonyobardice
733 1746 872 1792 scripto
915 1755 1106 1782 manasse.
1169 1744 1290 1782 Libro
1335 1746 1497 1781 carticino

147 1797 193 1855 (f.
229 1804 309 1841 359
338 1798 389 1855 r.)
429 1804 573 1841 adleuit
608 1805 793 1841 recentior
830 1804 1018 1850 Qzutedam
1054 1814 1195 1841 manus
1240 1797 1298 1854 (in
1337 1803 1498 1840 sinistra

145 1857 360 1913 col=uni-na).·
410 1863 530 1910 explic
575 1864 642 1900 iste
681 1858 770 1908 lib',·
815 1863 867 1900 ad
905 1863 1062 1900 eandem
1099 1873 1258 1900 manum
1295 1862 1496 1908 referenda

145 1922 326 1959 uidentur
363 1933 460 1969 quae
500 1923 540 1959 in
580 1922 744 1959 eiusdem
776 1923 948 1969 paginae
985 1933 1113 1959 uacua
1151 1922 1284 1959 dextra
1322 1920 1497 1958 columna

148 1981 342 2027 temnitur.-
375 1975 484 2028 eQuis
516 1981 608 2018 deus
639 1992 802 2028 maanus
833 1982 930 2019 sieut
960 1981 1052 2018 deus
1083 1983 1207 2018 noster
1235 1977 1240 2026 l
1270 1982 1309 2017 tu
1341 1990 1379 2016 es
1405 1980 1497 2017 deus

146 2041 211 2086 Qui
241 2040 342 2086 facis
372 2040 569 2078 mirabilia
597 2038 601 2087 Ι
630 2035 759 2078 solus.'

266 2098 371 2146 Quae
408 2099 453 2137 de
489 2099 668 2137 Palatino
702 2100 783 2137 909
820 2099 985 2146 protuli,
1031 2100 1177 2139 cuncta,
1210 2109 1295 2134 cum
1320 2098 1494 2145 primuni

155 2157 349 2205 Veyetium
376 2159 532 2201 ederem,
554 2169 597 2195 ea:
622 2158 767 2196 schedis
791 2159 939 2205 sumpsi
957 2158 1036 2195 uiri
1062 2157 1266 2195 doctissimi
1286 2155 1353 2193 Du
1373 2156 1472 2193 Rieu
1483 2169 1497 2201 ,·

147 2228 223 2262 qua
256 2219 355 2254 enim
388 2218 448 2254 ille
480 2220 533 2255 est
564 2218 702 2255 eximia
733 2217 985 2260 humanitate,
1022 2218 1228 2263 postquam
1268 2215 1312 2252 de
1343 2215 1497 2252 consilio

146 2286 226 2312 meo
267 2275 413 2323 Veyetii
452 2277 584 2314 edendi
623 2287 715 2314 casu
759 2277 895 2314 certior
927 2278 979 2312 cst
1009 2276 1152 2322 factus,
1196 2274 1318 2311 multa
1349 2286 1421 2311 sua
1454 2274 1498 2311 de

155 2334 297 2382 Veyetii
329 2335 518 2373 codicibus
549 2336 693 2382 scripta
723 2347 805 2373 una
836 2346 920 2372 cum
950 2334 1081 2372 multis
1106 2334 1367 2371 collationibus
1397 2333 1497 2370 ultro
