1638 2620
558 125 616 160 Pr.
641 123 722 160 1111.
753 124 831 159 Lib.
860 123 940 168 IIII,
970 127 998 160 1.
1372 123 1455 165 129

109 224 351 276 dulgentiae,
392 223 614 262 studiorum
654 234 786 261 amore
824 222 1041 274 praecedis.
1098 222 1224 273 Regni
1256 223 1454 274 animique

110 285 168 324 tui
194 283 294 322 bona
321 283 520 321 cernimus
549 287 588 320 et
613 287 794 320 tenemus
828 293 926 332 quae
960 282 1174 332 anticipare
1207 286 1247 320 et
1273 282 1456 332 superior

111 344 263 394 optauit
294 346 400 380 aetas
433 347 473 379 et
505 340 663 380 extendi
700 341 740 379 in
772 346 1011 392 perpetuum
1043 346 1212 379 uentura
1246 340 1455 379 desiderat.

109 401 264 448 Quibus
290 400 410 439 rebus
436 404 588 438 tantum
615 399 805 437 uniuerso
833 399 919 438 orbi
945 401 1179 450 praestitum
1201 399 1456 450 gratulamur,

112 465 303 512 quantum
328 458 393 497 uel
418 458 587 497 humana
613 469 724 496 mens
750 463 887 509 petere
914 458 978 497 uel
1007 460 1131 509 gratia
1163 460 1292 509 potuit
1324 459 1457 497 diuina
1477 466 1492 491 5

111 519 304 558 conferre.
353 517 430 556 Sed
457 516 780 568 dispositionibus
813 522 970 556 uestrae
1004 517 1234 556 clementiae
1267 522 1457 568 quantum

110 577 325 630 profecerit
357 588 561 614 murorum
596 575 793 614 elaborata
815 577 1070 628 constructio,
1097 576 1219 614 Roma
1246 576 1458 614 documen-

111 642 196 676 tum
229 640 301 688 est,
334 647 433 686 quae
466 635 631 674 salutem
664 635 811 673 ciuium
833 634 1072 685 Capitolinae
1100 637 1201 674 arcis
1228 635 1457 673 defensione

112 696 307 747 seruauit,
347 700 390 733 ut
430 693 639 745 gloriosius
671 699 806 744 postea
840 695 962 732 totius
995 693 1101 732 orbis
1134 693 1356 744 possideret
1388 695 1458 732 im-

111 755 278 806 perium.
318 753 374 792 Ad
402 752 733 803 complementum
760 753 880 803 igitur
907 754 1038 803 operis
1065 754 1279 791 maiestatis
1301 759 1458 792 uestrae
1480 762 1512 786 10

111 813 388 865 praeceptione
416 813 592 863 suscepti
617 813 801 864 rationes,
829 811 973 862 quibus
1001 811 1064 850 uel
1090 818 1248 851 nostrae
1277 813 1459 850 ciuitates

111 871 381 910 defendendae
409 872 488 909 sint
514 870 577 909 uel
602 870 777 908 hostium
805 870 1067 922 subruendae,
1100 883 1146 909 ex
1174 871 1343 910 diuersis
1370 883 1459 910 auc-

112 930 265 970 toribus
297 932 337 968 in
370 929 548 968 ordinem
581 930 767 980 digeram,
801 941 873 968 nec
899 929 1045 968 laboris
1071 929 1231 982 pigebit,
1263 942 1353 969 cum
1382 942 1460 968 om-

113 989 229 1029 nihus
261 989 471 1040 profutura
503 988 734 1027 condantur.

232 1118 258 1158 Ι.
287 1118 412 1157 Urbes
433 1123 551 1169 atque
572 1117 729 1157 castella
751 1124 817 1157 aut
837 1124 976 1157 natura
997 1120 1233 1157 muniuntur
1254 1124 1320 1157 aut
1336 1126 1463 1177 {ggffffiff
1489 1128 1534 1147 aut
1560 1132 1603 1147 11³-

1471 1162 1546 1182 opere
1562 1157 1604 1177 de·

114 1190 231 1217 manu
258 1184 325 1217 aut
351 1184 531 1229 utroque,
565 1177 668 1228 quod
696 1177 847 1216 firmius
875 1177 1052 1230 ducitur,
1087 1183 1225 1216 natura
1253 1183 1319 1216 aut
1336 1187 1397 1206 bere
1414 1186 1516 1206 muniri-

116 1237 294 1276 locorum
328 1237 431 1275 edito
465 1236 529 1275 uel
562 1236 729 1287 abrupto
757 1242 824 1275 aut
850 1237 1092 1275 circumfuso
1120 1238 1218 1275 mari
1245 1238 1328 1275 siue
1356 1236 1462 1288 palu-

139 1326 183 1360 V.
209 1326 248 1360 L.
348 1330 367 1360 2
396 1328 432 1360 et]
464 1326 635 1360 tenemus
663 1327 775 1372 quae]
803 1339 829 1360 π
862 1326 1001 1361 etenim
1027 1325 1109 1370 usq3
1144 1340 1168 1360 α
1203 1326 1295 1361 haec
1322 1326 1418 1361 enim
1444 1329 1462 1360 λ

114 1384 186 1409 eoec.
215 1373 349 1408 Cusmz.
427 1374 495 1419 [eb]
523 1376 540 1407 λ
567 1384 639 1409 exe.
668 1375 803 1410 Casan.
866 1379 886 1408 3
907 1374 945 1408 in
971 1375 1151 1418 perpessuo
1179 1385 1195 1407 ε
1264 1377 1286 1408 4
1311 1373 1463 1419 praesti-

115 1421 213 1467 tum]
242 1419 449 1456 concessum
475 1420 667 1465 prestitum
688 1423 706 1455 λ
733 1433 807 1456 exc.
831 1421 964 1456 C'usan.
1039 1421 1287 1467 gratulamur]
1317 1433 1371 1465 gr.
1399 1420 1461 1455 do-

118 1480 206 1503 num
227 1470 245 1502 λ
270 1478 343 1503 exc.
361 1467 496 1502 Ouscm.
523 1480 576 1512 gr.
604 1469 743 1504 honore
759 1469 804 1514 Ρ2
834 1469 890 1510 (in
909 1469 1088 1513 mar-(fine)
1116 1480 1167 1512 gr.
1195 1468 1334 1502 bonum
1354 1469 1464 1512 uulgo

165 1520 185 1551 6
214 1514 464 1560 dispositionis
486 1515 628 1550 uestrae
657 1515 733 1561 [cl.]
761 1517 783 1550 δ
834 1520 852 1550 7
880 1514 1079 1560 profecerit
1104 1516 1176 1549 HG
1202 1515 1390 1560 proficerit
1402 1516 1465 1560 Αμ

731 1564 741 1588 1

117 1597 397 1671 profueriho‘Pt·
431 1598 636 1643 murorum]
664 1598 813 1633 mutorfi
829 1600 867 1632 H
914 1597 1106 1632 elaborata
1121 1597 1240 1632 ΘλδΡ
1263 1597 1416 1633 elabora
1429 1599 1463 1632 α’

335 1654 373 1671 an
388 1654 422 1678 lq.

117 1670 269 1705 elabora
435 1670 475 1702 H
592 1669 817 1704 documentu
845 1669 894 1702 M
924 1668 1146 1703 documento
1173 1670 1213 1702 H
1319 1672 1339 1702 8
1367 1668 1466 1712 eapi-

115 1716 235 1752 tolina
269 1727 332 1750 arx
358 1717 398 1750 H
503 1719 522 1749 9
557 1716 629 1761 [ut]
658 1718 696 1750 H
805 1719 848 1751 10
874 1715 1006 1762 igitur]
1035 1727 1122 1760 ergo
1149 1717 1260 1760 uulyo
1357 1716 1465 1759 possi—

115 1763 213 1799 derit
238 1763 338 1807 ΑμΡ
360 1762 560 1808 possederit
585 1763 619 1798 G-
752 1768 792 1798 13
820 1763 859 1797 in
885 1762 1013 1798 ordine
1040 1763 1127 1798 αὸΡ
1244 1762 1402 1807 dirigam
1436 1763 1470 1797 V

118 1813 344 1879 dirigam⁹D
392 1833 579 1878 Incipiunt
605 1834 771 1879 capitula
790 1833 877 1869 libri
898 1833 1021 1878 quarti
1041 1834 1096 1879 ([1.
1120 1834 1170 1879 q.]
1192 1834 1244 1877 D)
1267 1835 1299 1876 a,
1326 1835 1367 1868 m
1386 1835 1465 1878 qm·-

121 1882 186 1918 bus
207 1882 424 1925 capitulatio
444 1885 476 1916 et
484 1882 658 1925 proloyus
672 1882 895 1926 transposita
908 1885 1004 1916 sunt.
1045 1882 1133 1916 Post
1148 1882 1314 1925 capitula
1329 1892 1465 1916 enume-

116 1932 200 1964 γαΐα
222 1928 256 1963 V
273 1929 376 1963 addit
396 1928 612 1972 Explieiunt
626 1927 801 1973 Capitula
821 1928 957 1972 Incipit
977 1928 1088 1962 Liber
1105 1927 1267 1970 Quartus
1282 1928 1465 1963 Felicilzer.

213 1976 295 2011 CAP.
311 1975 337 2011 I.
379 1979 420 2009 17
442 1976 608 2010 locorum
630 1976 728 2010 edito
744 1975 889 2018 (aedeto
909 1987 999 2011 corr.
1017 1987 1040 2010 α
1052 1978 1076 2010 2
1091 1977 1132 2010 in
1146 1975 1215 2010 -ibo
1231 1975 1265 2009 L
1280 1975 1405 2010 aedito
1422 1976 1465 2020 (2)

117 2023 178 2058 uel
205 2023 362 2067 abrupto
390 2025 451 2057 εΠ
474 2022 497 2057 l,
526 2022 629 2057 editu
655 2022 713 2057 uel
741 2022 898 2057 abruc’cu
924 2023 958 2057 V
978 2023 1001 2059 1.
1030 2023 1133 2058 editu
1159 2024 1224 2057 aut
1249 2023 1409 2067 abruptu
1429 2023 1468 2057 D

117 2070 142 2106 l.
170 2070 273 2105 editu
298 2070 359 2104 uel
385 2069 545 2115 abrupta
572 2071 620 2113 (-o
650 2070 715 2115 1³2)
746 2070 781 2104 P
804 2070 886 2105 loco
914 2070 1014 2105 edito
1041 2071 1103 2104 uel
1128 2070 1288 2114 abrupto
1315 2071 1425 2114 uulgo

118 2126 335 2175 circumfusi)
357 2143 396 2175 H

145 2223 178 2257 S.
206 2224 246 2258 L.
345 2228 366 2258 4
392 2224 557 2270 tantum]
584 2225 689 2259 tanto
718 2223 750 2258 α’
875 2227 895 2257 5
921 2223 1084 2258 humana
1109 2222 1231 2269 mens]
1267 2223 1468 2258 humanam

119 2269 225 2305 mens
246 2267 291 2305 A'
374 2275 394 2306 8
421 2270 624 2316 capituline
652 2284 667 2306 ε
743 2269 868 2305 archis
890 2283 905 2305 ε
992 2274 1011 2304 9
1039 2270 1218 2316 seruauit]
1246 2269 1408 2305 seruabit
1433 2271 1467 2305 α’

216 2316 333 2363 orbis]
360 2318 462 2353 urbis
484 2320 518 2352 A
619 2322 659 2352 11
687 2317 869 2363 rationes]
897 2317 1128 2352 narrationes
1150 2319 1190 2351 H

217 2364 298 2400 CAP.
328 2366 351 2400 Ι.
419 2370 460 2400 15
486 2366 718 2411 muniuntur]
745 2364 961 2400 minuuntur
987 2365 1037 2399 M
1130 2369 1171 2399 17
1199 2364 1400 2410 padulibus
1424 2365 1472 2399 M

191 2431 355 2457 VEGETIL‘S
1233 2428 1252 2458 9
