1638 2620
609 107 690 143 Lib.
715 108 778 152 ΙΙΙ,
804 112 859 143 20.
1325 107 1407 149 109

62 220 214 260 passus,
246 219 362 259 quam
395 207 441 246 ad
473 205 626 245 hostem
659 208 880 258 peruenias,
912 218 990 244 non
1024 211 1206 257 sperante
1239 218 1285 244 eo
1315 205 1409 244 sul)-

62 269 117 306 ito
150 266 282 305 ambas
315 266 393 304 alas
433 271 520 304 tuas
558 267 722 304 incitare
755 271 793 304 te
827 267 1030 317 conuenit,
1073 272 1116 304 ut
1153 276 1201 303 ex
1238 271 1408 315 utroque

61 338 186 365 cornu
218 327 443 376 inprouisos
474 324 608 362 hostes
642 330 775 362 uertas
806 326 847 363 in
887 324 1017 375 fugam
1050 329 1089 362 et
1126 323 1295 362 celerius
1327 325 1409 362 uic-

61 386 201 424 toriam
235 384 501 434 consequaris,
559 382 635 421 Sed
668 383 742 421 hoc
775 395 900 433 genus
933 383 1171 434 certaminis,
1207 382 1299 422 licet
1331 383 1408 421 cito

62 448 240 494 superet,
283 443 316 480 si
355 443 590 480 exercitatos
628 442 944 493 fortissimosque
982 442 1232 494 produxerit,
1277 447 1444 480 tamen5

61 501 328 553 periculosum
355 507 427 553 est,
460 501 551 551 quia
577 500 745 538 mediam
772 502 896 539 aciem
923 513 1034 539 suam
1061 502 1128 551 qui
1161 502 1216 539 sic
1249 500 1409 539 dimicat

61 560 210 599 nudare
244 559 491 611 compellitur
523 565 563 598 et
593 560 634 597 in
667 559 763 597 duas
796 566 928 609 partes
962 561 1178 598 exercitum
1212 572 1407 611 separare.

60 619 110 658 Et
136 621 169 657 si
195 620 320 670 primo
347 620 497 669 impetu
525 620 656 657 uictus
681 630 759 656 non
787 618 908 657 fuerit
933 620 1127 670 inimicuS,
1154 619 1271 657 hahet
1297 630 1408 657 occa-

60 679 229 729 sionem,
269 690 345 728 qua
382 677 541 716 inuadat
579 683 618 716 et
656 677 782 715 diuisa
822 689 968 715 cornua
1008 683 1047 715 et
1084 677 1253 716 mediam
1285 680 1408 716 aciem

61 737 299 775 destitutam.
347 735 490 781 Quinta
517 736 754 787 depugnatio
782 741 841 774 cst
868 741 1028 786 quartae
1057 736 1206 789 similis,
1239 736 1307 775 sed
1333 736 1407 774 hoc
1428 747 1462 772 10

61 808 184 834 unum
215 795 380 846 amplius
406 795 534 848 habet,
568 794 671 846 quod
698 794 827 833 leuem
855 800 1092 833 armaturam
1120 800 1158 833 et
1184 797 1408 845 sagittarios

61 859 150 893 ante
183 855 348 905 primam
381 855 503 892 aciem
536 855 659 905 ponit,
690 859 735 892 ut
766 853 842 892 illis
869 853 1148 892 resistentibus
1176 866 1254 892 non
1284 855 1409 905 possit

60 914 245 964 inrumpi.
293 912 388 951 Nam
417 915 472 951 sic
499 913 545 951 de
574 913 711 951 dextro
739 925 864 951 cornu
897 925 968 951 suo
1000 913 1103 951 illius
1137 914 1343 952 sinistrum
1370 918 1410 951 et

61 972 108 1010 de
144 974 303 1010 sinistro
337 984 461 1010 cornu
495 984 566 1010 suo
600 971 702 1010 illius
736 971 918 1010 dextrum
946 972 1186 1022 adgreditur.
1236 972 1348 1017 Quod
1376 973 1409 1010 si

61 1031 196 1081 fugare
229 1032 416 1083 potuerit,
450 1033 580 1069 statim
614 1032 752 1082 uincit3
789 1033 848 1068 sin
881 1032 1023 1082 minus,
1055 1032 1181 1069 media
1216 1033 1319 1069 acies
1352 1033 1407 1081 ip·
1430 1041 1463 1066 15

61 1092 142 1129 sius
170 1102 247 1128 non
273 1089 434 1142 laborat,
468 1091 557 1141 quia
584 1102 604 1127 a
630 1089 709 1127 leui
735 1095 931 1128 armatura
959 1091 1250 1140 sagittariisque
1275 1089 1407 1128 desen-

60 1149 178 1188 ditur.
221 1149 338 1188 Sexta
365 1149 599 1200 depugnatio
627 1150 772 1199 optima
800 1155 870 1201 est,
897 1161 1019 1200 prope
1041 1148 1179 1187 similis
1201 1149 1409 1199 secundae,

63 1220 138 1259 qua
169 1214 338 1247 utuntur
371 1209 438 1259 qui
470 1208 517 1246 de
551 1220 716 1246 numero
751 1219 912 1246 suorum
947 1214 986 1246 et
1018 1208 1065 1246 de
1096 1209 1244 1246 uirtute
1272 1208 1408 1258 despe-

61 1273 161 1305 rant.
218 1266 267 1306 Et
299 1268 331 1305 si
363 1267 463 1306 bene
497 1267 785 1319 ordinauerint‚
819 1269 999 1317 quamuis
1032 1279 1122 1305 cum
1155 1267 1408 1318 paucioribus

62 1338 218 1376 semper
251 1327 457 1364 uictoriam
490 1331 769 1364 consecuntur.
826 1326 922 1364 Nam
956 1338 1044 1364 cum
1078 1327 1270 1364 instructa
1304 1327 1407 1364 acies
1428 1335 1463 1361 20

60 1384 107 1422 ad
133 1384 267 1423 hostes
294 1385 456 1436 accedit,
483 1385 660 1423 dextram
684 1384 782 1423 alam
803 1391 908 1423 tuam
931 1387 1112 1424 sinistrae
1134 1384 1215 1423 alae
1236 1385 1408 1423 hostium

61 1444 179 1494 iunge
212 1449 252 1482 et
283 1443 337 1482 ibi
369 1456 440 1495 per
473 1445 628 1494 equites
654 1443 952 1494 probatissimos
980 1451 1020 1482 et
1045 1444 1315 1482 uelocissimos
1343 1455 1407 1494 pe-

61 1502 162 1541 dites
194 1504 323 1554 incipe
356 1503 562 1554 proelium.
618 1502 824 1553 Reliquam
856 1509 987 1541 autem
1026 1509 1177 1553 partem
1211 1504 1408 1541 exercitus

61 1563 119 1600 tui
152 1561 376 1612 longissime
410 1561 456 1600 ab
489 1561 809 1600 aduersariorum
843 1563 924 1600 acie
958 1574 1119 1600 remoue
1154 1568 1192 1600 et
1217 1563 1256 1600 in
1284 1562 1408 1600 direc-

84 1639 126 1675 V.
153 1640 192 1673 L.
291 1643 311 1674 2
340 1639 411 1685 [te]
440 1640 500 1674 61>
594 1644 614 1674 3
640 1639 867 1686 inprouisos]
895 1639 1041 1674 interna
1066 1642 1105 1674 Π
1128 1639 1351 1684 improuisus
1380 1639 1414 1673 V

155 1691 178 1721 4
204 1687 439 1731 consequeris
455 1700 471 1721 ε
545 1691 564 1721 5
592 1687 619 1721 si
645 1687 694 1732 (se
715 1689 765 1731 α’)
793 1699 910 1722 exerc.
938 1687 1004 1721 oc'vz
1030 1689 1068 1721 et
1094 1698 1148 1723 eX.
1170 1688 1203 1722 G
1231 1687 1288 1732 [s]
1317 1698 1370 1721 eX.
1392 1689 1410 1720 λ

156 1737 177 1768 8
203 1734 331 1779 fuerit]
366 1734 529 1769 adfuerit
560 1736 621 1768 61)
733 1735 769 1771 h.
801 1735 929 1779 postea
961 1746 992 1769 o.
1026 1734 1138 1770 Schw.
1263 1738 1304 1767 12
1337 1734 1410 1778 pri-

60 1793 159 1816 mam
190 1782 218 1816 O
251 1781 412 1816 mediam
437 1782 548 1827 uulyo
647 1785 690 1815 14
721 1781 904 1816 sinistram
931 1782 977 1816 A'
1076 1781 1154 1827 suo]
1187 1783 1252 1815 tuo
1279 1783 1318 1815 H

61 1829 228 1864 dextram
258 1828 291 1863 G
361 1832 403 1863 15
431 1829 597 1873 potueris
618 1840 708 1863 corr.
736 1840 779 1864 ex
804 1830 970 1874 potuerit
996 1831 1036 1863 H
1108 1828 1229 1863 uineis
1249 1839 1340 1863 corr.
1367 1839 1411 1863 ex

59 1876 178 1910 uincit
204 1878 243 1910 H
340 1881 381 1911 16
408 1876 496 1920 quia
524 1876 577 1922 [a]
605 1878 643 1910 H
738 1877 958 1912 defendetur
990 1876 1126 1920 (-fund-
1154 1877 1219 1920 M)
1252 1876 1315 1920 Αμ

63 1926 104 1957 18
133 1924 212 1969 [de]
240 1925 279 1957 H
361 1927 405 1957 20
433 1923 589 1968 semper]
619 1923 725 1968 saepe
752 1924 813 1958 &P
881 1924 1059 1958 instructa
1085 1924 1142 1957 sP
1170 1923 1308 1957 structa
1333 1922 1414 1957 HV

61 1970 221 2005 cstructa
245 1971 284 2004 D
380 1975 424 2004 21
452 1970 600 2005 accedit
632 1971 728 2005 GoP
750 1971 897 2006 accedis
918 1974 954 2005 H
979 1970 1132 2006 accedet
1158 1970 1220 2015 Αμ

85 2041 119 2075 S.
147 2041 185 2075 L.
286 2045 303 2075 1
332 2041 475 2086 passus]
504 2041 563 2076 -os
591 2054 615 2075 oc
736 2041 904 2086 sperante
938 2042 998 2087 eo]
1030 2041 1177 2086 sperant
1208 2051 1251 2075 eo
1279 2041 1313 2075 α’

61 2092 80 2122 2
107 2088 264 2122 incitare
289 2090 342 2134 te]
371 2089 526 2123 incitare
552 2088 587 2122 se
614 2089 660 2133 Al
773 2093 793 2124 3
819 2089 1039 2134 improuisos
1060 2091 1099 2122 H
1195 2092 1214 2122 5
1241 2087 1285 2134 si]
1314 2088 1348 2121 se
1373 2088 1408 2121 α’

181 2135 420 2181 exercitatos]
455 2135 681 2170 exercitatus
708 2137 742 2170 α’
874 2141 893 2171 6
925 2136 1087 2171 mediam
1120 2136 1254 2180 aciem]
1287 2135 1410 2170 media

63 2182 180 2217 aciem
208 2184 248 2216 H
332 2187 350 2218 7
378 2182 603 2228 conpellitur
628 2186 646 2217 λ
732 2188 774 2218 10
800 2183 1032 2229 destitutam]
1060 2183 1236 2218 destituta
1261 2183 1310 2228 Al

64 2256 106 2287 12
133 2252 259 2299 possit]
286 2253 422 2298 possint
442 2256 480 2288 H
548 2258 589 2288 13
611 2254 766 2303 irrumpi
786 2257 824 2288 H
892 2259 933 2289 16
960 2238 1106 2290 labor&
1128 2255 1177 2288 M
1199 2254 1344 2289 laboret
1359 2254 1404 2299 Ll

62 2302 212 2343 (rasura
238 2312 261 2334 α
280 2304 305 2337 2
332 2305 440 2345 corr.)
539 2306 581 2336 18
609 2302 762 2346 uirtute]
793 2302 954 2336 uirtutes
975 2302 1009 2335 α’
1109 2305 1150 2336 18
1178 2301 1366 2346 disperant
1392 2314 1407 2336 ε

158 2351 203 2382 24
228 2347 451 2394 longissime]
478 2348 700 2394 longissimis
720 2349 765 2383 A'
793 2348 978 2395 logissime
1004 2349 1053 2383 M
