1638 2620
628 486 892 533 LIBER,
943 486 1026 534 III.

257 676 287 715 I.
322 675 398 721 Qui
429 677 569 715 modus
604 689 689 715 esse
721 676 865 715 debeat
899 676 1105 714 exereitus.

232 735 283 773 II.
319 735 659 780 Quemadmodum
692 736 842 774 sanitas
875 735 1123 785 gubernetur
1155 735 1361 773 exercitus.

213 793 286 831 III.
321 793 480 839 Quanta
507 807 601 832 eura
626 795 871 843 prouidenda
897 795 977 832 sint
998 796 1117 843 atque
1138 794 1335 832 seruanda
1356 793 1504 842 pabula

440 854 507 892 uel
538 854 749 891 frumenta.

120 923 135 946 5
193 912 287 950 IIII.
321 911 661 957 Quemadmodum
699 915 882 962 oporteat
920 912 1145 961 prouidere,
1183 925 1232 950 ne
1271 911 1504 949 seditionem

440 971 587 1010 milites
620 972 778 1010 faciant.
810 989 816 993 ·

238 1031 284 1069 V.
321 1030 534 1080 Signorum
565 1031 800 1069 militarium
827 1033 976 1079 quanta
1008 1031 1087 1068 sint
1117 1041 1276 1079 genera.

222 1090 290 1127 VI.
325 1089 482 1134 Quanta
515 1091 567 1128 sit
599 1091 794 1128 seruanda
826 1090 998 1138 cautela⁷
1031 1102 1118 1126 oum
1153 1089 1291 1126 uicinis
1323 1088 1503 1126 hostibus

438 1151 624 1187 mouetur
657 1150 862 1186 exereitus.

102 1217 135 1241 10
197 1207 286 1244 VH.
321 1206 661 1252 Quemadmodum
693 1208 872 1256 flumina,
912 1219 1012 1256 quae
1046 1207 1198 1245 maiora
1229 1208 1339 1254 sunt,
1375 1208 1503 1244 trans-

439 1268 592 1304 eantur.

178 1324 289 1363 VIII.
324 1324 664 1369 Quemadmodum
696 1328 826 1363 eastra
859 1326 1028 1364 debeant
1059 1325 1243 1363 ordinari.

155 1383 286 1422 VIIII.
322 1383 431 1429 Quae
465 1387 504 1422 et
537 1387 687 1434 quanta
720 1385 1003 1422 consideranda
1036 1384 1125 1432 sint,
1158 1386 1203 1422 ut
1233 1383 1502 1432 intellegatur,

442 1446 577 1481 utrum
605 1444 910 1492 superuentibus
938 1447 978 1480 et
1003 1443 1157 1481 insidiis
1184 1455 1234 1480 an
1260 1443 1418 1492 publico
1439 1442 1503 1479 de-

438 1502 531 1540 beat
563 1503 691 1540 Marte
723 1502 891 1552 confligi.

237 1561 283 1598 X.
318 1560 420 1606 Quid
447 1563 629 1610 oporteat
655 1561 752 1610 fieri,
780 1562 811 1598 si
838 1561 925 1610 quis
953 1562 1162 1599 desuetum
1188 1574 1211 1598 a
1236 1573 1369 1610 pugna
1396 1572 1501 1598 exer-

438 1620 560 1658 citum
592 1620 739 1658 habeat
770 1621 835 1658 uel
867 1621 1045 1658 tironem.

219 1679 286 1717 XI.
321 1679 429 1724 Quae
455 1679 542 1728 ipso
569 1679 631 1717 die
657 1680 907 1728 procuranda
934 1680 1024 1727 sint,
1050 1693 1127 1728 quo
1147 1679 1307 1727 publica
1327 1678 1502 1716 commit-

437 1738 537 1775 titur
568 1750 714 1787 pugna.

100 1806 134 1830 20
196 1797 284 1835 XII.
317 1797 661 1846 Inuestigandum⁷
693 1797 786 1846 quid
820 1798 993 1835 sentiant
1024 1798 1172 1835 milites
1204 1796 1432 1846 pugnaturi.

177 1856 286 1894 XIII.
321 1855 661 1901 Quemadmodum
692 1856 857 1894 idoneus
889 1857 996 1894 locus
1030 1857 1204 1906 eligatur
1232 1856 1281 1893 ad
1313 1867 1497 1904 pugnam.

152 1915 283 1954 XIIII.
317 1914 656 1960 Quemadmodum
684 1916 786 1953 acies
814 1916 957 1953 debeat
977 1915 1162 1964 ordinari⁷
1188 1916 1234 1952 ut
1258 1914 1298 1951 in
1318 1913 1500 1952 conflictu

438 1975 627 2012 reddatur
660 1975 821 2012 inuicta.

249 2080 266 2109 1
295 2074 365 2110 esse
394 2075 506 2110 debet
531 2075 592 2110 ὃΡ
685 2074 858 2110 exercitis
881 2076 919 2108 H
1014 2078 1033 2109 3
1059 2074 1187 2109 fabula
1214 2075 1273 2119 Ml
1364 2078 1384 2108 5
1411 2073 1500 2108 sedi-

151 2122 273 2157 tiones
297 2123 334 2156 P
430 2127 472 2157 13
498 2122 581 2157 sunt
609 2123 658 2167 ῼλ
756 2122 998 2167 intellagatur
1024 2124 1064 2156 H
1089 2121 1347 2165 intelligantur
1373 2121 1410 2155 P

155 2173 198 2204 14
224 2169 507 2214 superuentibus
528 2182 572 2205 ex
596 2169 660 2204 ins.
687 2173 705 2204 λ
738 2168 1083 2214 superuenientibus
1104 2170 1142 2203 et
1166 2167 1310 2202 insidiis
1331 2169 1354 2202 δ
1379 2167 1500 2211 super-

152 2215 391 2252 uenientibus
405 2216 570 2252 inimicis
583 2216 776 2251 infidiisH
822 2221 866 2252 16
889 2216 935 2263 [si
955 2216 1055 2262 quis]
1070 2215 1220 2261 MIQIL
1248 2214 1364 2261 [quis]
1389 2215 1496 2261 M2Q2

226 2263 387 2299 desuedfi
408 2265 467 2310 M]
536 2265 583 2300 ad
608 2275 773 2309 pugnam
790 2264 915 2310 (ιη-ΜΖ]
943 2264 990 2299 ad
1016 2274 1142 2309 pugna
1161 2263 1195 2297 L
1263 2267 1304 2297 17
1330 2264 1504 2297 tironeH

228 2314 270 2346 18
297 2311 385 2357 quo]
420 2323 502 2346 oum
537 2325 552 2346 ε
594 2313 647 2356 (in
673 2315 755 2356 ipsa
781 2312 913 2355 capitis
938 2312 1178 2355 inser-‘iptione
1204 2313 1289 2354 quo)
1370 2314 1414 2344 22
1436 2310 1498 2345 de-

152 2358 266 2393 beant
293 2379 337 2384 ——
364 2359 533 2394 conflicto
555 2360 589 2393 α’
688 2363 730 2393 ‘23
759 2359 957 2393 reddantur
983 2358 1028 2392 A'
