1638 2620
48 559 122 575 nnnnn

193 85 277 126 142
691 84 770 120 Lib.
796 85 876 129 ΠΗ,
904 88 960 121 20.
989 89 1045 120 21.

191 184 254 223 die
292 191 451 235 postero
486 185 607 223 turris
642 184 770 222 suerat
802 183 1085 236 promouenda,
1118 183 1223 223 nullo
1256 183 1429 223 hostium
1456 197 1544 224 sen-

192 245 313 283 tiente
347 249 479 294 egesta
512 249 618 282 terra
651 244 808 282 oauauit
839 244 1092 296 intrinsecus,
1125 248 1176 295 et,
1208 255 1299 282 eum
1331 244 1428 282 rotis
1462 245 1545 283 suis

192 302 313 341 moles
347 303 488 340 fuisset
520 301 675 352 inpulsa
709 307 825 352 atque
860 301 907 340 ad
946 302 1093 354 locum,
1133 303 1202 353 qui
1241 301 1545 342 subtercauatus

192 362 332 414 fuerat,
358 361 621 413 peruenisset,
654 366 761 399 tanto
789 360 955 412 ponderi
981 360 1064 399 solo
1085 361 1250 400 cedente
1273 360 1451 400 subsedit
1471 373 1545 401 nec

155 430 170 454 5
190 421 300 471 iungi
328 421 452 459 muris
479 424 546 458 aut
572 421 725 458 moueri
748 419 916 458 ulterius
938 421 1076 471 potuit.
1124 419 1181 459 Ita
1215 421 1355 458 ciuitas
1381 419 1546 459 liberata

139 725 171 749 10

133 494 326 544 YZtSaissii‘Zf?
341 484 401 517 est
421 484 460 517 et
480 478 658 517 machina
685 478 882 518 derelicta.
927 478 1027 518 XXI.
1054 479 1231 518 Admotis
1258 478 1437 518 turribus
1459 479 1544 518 fun-

315 534 488 576 ‘ditores
510 537 717 590 lapidibus,
744 539 934 588 sagittarii
955 537 1106 589 iaculis,
1132 537 1455 576 manuballistarii
1481 537 1546 577 uel

191 596 494 636 arcuballistarii
520 597 686 648 sagittis,
716 596 950 635 iaculatores
978 596 1189 647 plumbatis
1216 609 1259 635 ac
1286 596 1544 636 missibilibus

192 658 240 695 de
275 657 398 695 muris
432 655 671 694 submonent
702 655 893 694 homines.
951 655 1034 694 Hoc
1072 656 1175 694 sacto
1209 655 1324 694 scalis
1356 655 1546 707 adpositis

192 721 388 766 occupant
430 716 644 753 ciuitatem.
704 714 781 753 Sed
822 716 889 765 qui
928 715 1042 753 scalis
1088 716 1270 753 nituntur
1315 715 1546 766 frequenter

191 774 413 825 perieulum
441 775 651 826 sustinent,
684 773 863 824 exemplo
892 772 1071 826 Capanei,
1104 786 1124 812 a
1158 786 1234 825 quo
1262 775 1434 824 primum
1461 786 1544 813 sca-

191 833 317 872 larum
351 832 589 884 obpugnatio
623 832 855 884 perhibetur
887 834 1061 883 inuenta,
1095 835 1162 884 qui
1188 838 1294 871 tanta
1321 834 1362 871 ui
1389 835 1545 872 occisus

192 898 252 931 est
285 905 304 931 a
338 891 557 944 Thebanis,
598 898 643 931 ut
675 893 873 931 extinctus
906 891 1068 930 fulmine
1102 892 1314 930 diceretur.
1373 891 1423 931 Et
1455 892 1542 931 ideo

191 951 377 990 sambuca
399 956 554 990 exostra
575 957 614 990 et
636 951 859 989 tollennone
882 951 1109 989 obsidentes
1130 953 1170 989 in
1192 963 1349 989 murum
1370 951 1544 990 hostium

156 1020 170 1044 ⁷)
192 1016 412 1061 penetrant.
453 1009 646 1048 Sambuca
673 1010 819 1049 dicitur
845 1010 891 1048 ad
914 1010 1212 1049 similitudinem
1235 1010 1428 1062 citharae3
1455 1021 1544 1048 nam

191 1069 523 1119 quemadmodum
555 1071 595 1107 in
629 1069 779 1108 cithara
812 1069 980 1107 chordae
1008 1074 1112 1121 sunt,
1144 1071 1196 1108 ita
1223 1070 1263 1107 in
1290 1068 1412 1121 trabe,
1445 1081 1544 1120 quae

190 1130 297 1167 iuxta
326 1135 477 1167 turrem
504 1130 677 1180 ponitur,
705 1128 820 1166 funes
847 1134 951 1180 suut,
985 1129 1052 1179 qui
1078 1134 1238 1179 pontem
1266 1127 1313 1166 de
1336 1129 1543 1179 superiore

190 1192 300 1238 parte
335 1186 523 1226 trochleis
555 1186 699 1240 laxant,
732 1193 775 1226 ut
807 1187 1020 1225 descendat
1053 1186 1099 1225 ad
1127 1199 1297 1239 murum,
1330 1188 1543 1238 statimque

213 1301 256 1335 V.
276 1301 315 1335 L.
410 1304 429 1334 3
458 1301 538 1346 [ad]
568 1302 606 1334 H
700 1300 983 1335 subtercauatus
1004 1298 1099 1346 (subt
1127 1311 1156 1336 c,
1189 1300 1256 1347 V)]
1285 1300 1413 1335 subtus
1435 1312 1543 1335 caua-

188 1348 249 1383 tus
269 1349 380 1392 uulyo
449 1352 469 1382 5
496 1348 576 1393 aut]
606 1359 647 1382 ac
675 1349 698 1382 ὃ
766 1347 916 1393 ciuitas]
947 1351 984 1383 et
1011 1348 1080 1383 eiu.
1107 1361 1134 1382 π
1198 1352 1217 1383 6
1246 1347 1426 1383 derelicta
1453 1347 1547 1383 sVP

188 1396 376 1430 destructa
402 1396 440 1429 H
464 1395 588 1430 delet-a
614 1396 691 1430 DP
798 1394 879 1430 CAP.
930 1395 1024 1431 XXI.
1099 1399 1119 1430 8
1146 1395 1346 1430 missilibus
1366 1398 1473 1437 (corr.
1500 1406 1544 1430 ea:

188 1442 426 1477 missibilibus
447 1445 500 1486 H)
526 1443 641 1477 HDP
728 1448 747 1478 9
775 1443 820 1478 de
847 1455 893 1478 m.
921 1443 1031 1487 Laus]
1058 1453 1088 1477 e.
1115 1455 1163 1476 m.
1192 1443 1221 1477 O
1318 1442 1490 1478 homines
1514 1442 1544 1478 O

187 1490 312 1524 hostes
332 1491 443 1534 uulyo
560 1493 601 1523 11
629 1490 783 1534 capenei
809 1501 830 1524 a
857 1501 928 1534 quo
954 1491 1042 1525 A'P
1063 1490 1239 1525 caueneizi
1267 1501 1339 1534 quo
1366 1490 1416 1525 M
1437 1500 1544 1525 caue-

187 1537 289 1572 niani
316 1548 388 1581 quo
414 1540 432 1571 λ
542 1537 718 1582 primum]
747 1549 801 1582 pr.
830 1538 922 1572 haec
948 1539 1059 1582 uulgo
1183 1537 1396 1583 [scalarum]
1426 1538 1448 1572 δ

191 1589 233 1618 14
253 1585 470 1619 tollennone
491 1585 551 1625 (-ae
566 1585 615 1628 A)
632 1585 678 1618 A'
699 1586 760 1628 (cf.
782 1596 873 1629 quae
891 1585 1018 1629 Buyye
1039 1584 1215 1620 Fleckeis.
1237 1586 1362 1621 annal.
1384 1596 1418 1619 α.
1441 1587 1541 1621 1872

182 1643 220 1676 p.
240 1635 311 1667 106
330 1632 516 1675 disseruit)
536 1631 776 1666 tollennonne
793 1632 842 1666 M
856 1631 1046 1667 tollenone
1066 1633 1088 1666 ὃ
1113 1632 1355 1667 tollennonne
1376 1632 1405 1677 Q
1424 1632 1543 1667 tollen

187 1690 309 1714 nonne
329 1678 363 1713 L
388 1679 562 1713 tolenone
589 1681 628 1713 H
649 1679 740 1713 telle
769 1690 864 1714 noue
885 1679 921 1713 P
1017 1679 1087 1725 [in]
1115 1681 1134 1713 λ
1227 1683 1268 1714 15
1295 1679 1343 1714 ad
1369 1678 1542 1714 similitu-

187 1727 272 1760 dine
299 1728 339 1760 H
373 1738 395 1760 a
426 1725 666 1761 similitudine
700 1727 771 1769 6P3
804 1727 901 1761 hunc
932 1727 1047 1762 locum
1073 1727 1232 1771 probare
1258 1730 1370 1771 putat
1399 1726 1542 1761 Ouden-

187 1774 339 1817 (lov-pius
364 1784 479 1818 supra
505 1774 545 1808 in
571 1784 599 1808 ο.
624 1774 773 1808 XIIII
799 1775 909 1809 leuius
935 1775 1021 1809 libri
1048 1775 1092 1809 ad
1121 1773 1401 1809 similitudinem
1421 1785 1493 1819 pro
1520 1785 1542 1809 a,

187 1855 429 1891 similitudine
456 1857 643 1901 leyendum
668 1868 738 1892 esse
748 1871 761 1901 ;
792 1858 852 1892 secl
879 1858 947 1892 Ioci
971 1859 1057 1892 sunt
1082 1857 1272 1892 dissimiles
1395 1860 1437 1892 16
1465 1834 1542 1891 cor-

187 1904 256 1938 dae
279 1904 317 1937 D
344 1904 477 1938 cordae
506 1903 642 1938 sHVP
713 1904 781 1949 [in]
811 1917 826 1938 ε
905 1908 947 1939 17
974 1906 1115 1939 turrem
1142 1906 1179 1938 H
1203 1906 1302 1938 turre
1329 1917 1353 1938 α
1379 1903 1502 1939 turres
1521 1907 1540 1938 λ

186 1951 316 1985 turrim
345 1951 406 1986 ὃΡ
499 1951 674 1995 superiori
702 1952 799 1997 aHQ
824 1951 1011 1996 superiora
1036 1952 1070 1985 L
1174 1954 1216 1986 18
1243 1951 1359 1986 trocle
1386 1955 1458 1994 (ae
1480 1951 1541 1996 M)

211 2044 244 2080 S.
273 2045 312 2079 L.
426 2048 442 2078 1
472 2044 547 2090 die]
576 2045 646 2080 due
673 2046 709 2079 A
818 2046 1087 2091 promouenda]
1121 2045 1365 2090 promouendi
1391 2047 1439 2091 Al

187 2096 206 2126 3
232 2091 368 2137 moles]
396 2092 506 2126 molis
528 2092 608 2127 MG
633 2093 758 2128 mollis
779 2093 850 2127 AL
925 2092 1083 2138 impulsa
1108 2096 1146 2127 H
1217 2096 1239 2127 4
1265 2093 1420 2137 ponderi
1446 2093 1538 2137 solo]

185 2139 362 2183 ponderis
383 2139 459 2174 solo
485 2153 509 2173 α
602 2140 684 2175 CAP.
713 2139 808 2177 XXI.
860 2144 880 2175 6
907 2140 1081 2175 ammotis
1103 2142 1143 2174 H
1214 2144 1232 2174 7
1260 2140 1446 2175 manubal.
1476 2141 1543 2184 μΠ

258 2191 278 2222 8
305 2187 467 2222 arcubal.
496 2189 562 2232 μΠ
633 2191 653 2222 9
680 2188 715 2234 e]
744 2189 781 2223 et
807 2189 855 2233 Hl
934 2187 1166 2222 summouent
1193 2189 1232 2221 H
1300 2187 1481 2232 appositis
1503 2189 1542 2221 H

282 2238 321 2268 11
351 2234 544 2279 sustinent]
573 2233 776 2269 sustineant
803 2236 851 2270 M
875 2234 1077 2278 sustineant
1102 2237 1136 2269 A
1213 2239 1255 2269 13
1284 2234 1352 2281 est]
1381 2234 1420 2269 es
1441 2235 1491 2269 M

184 2293 206 2316 a
232 2281 440 2327 Thebanis]
469 2282 516 2316 ab
544 2282 672 2316 enanis
694 2284 734 2316 H
830 2287 871 2317 15
899 2283 1051 2327 cythare
1073 2283 1123 2317 M
1219 2286 1260 2317 16
1287 2293 1539 2326 quemammo-

184 2328 271 2362 dum
298 2330 337 2362 H
432 2329 585 2373 cythara
611 2343 635 2374 μ
733 2332 837 2365 traue
864 2330 913 2364 M
933 2329 1037 2365 trane
1063 2330 1112 2375 A¹
1217 2333 1259 2363 18
1286 2329 1475 2364 discendat
1494 2328 1543 2363 M

1354 2612 1638 2620 —ap——VAv-xssz—
