1638 2620
160 91 243 133 102
673 91 753 126 Lib.
780 91 842 135 ΠΙ,
871 94 925 126 17.
955 95 1008 128 18.

158 203 304 229 cornua
339 190 435 229 alios
468 192 573 230 circa
606 190 798 243 medium,
836 196 896 242 ut,
933 189 1061 229 sicubi
1091 189 1218 229 hostis
1251 189 1506 230 uehementer

157 251 323 302 insistit,
356 262 404 288 ne
438 255 646 301 rumpatur
678 250 801 301 acies,
833 249 1044 300 prouolent
1075 248 1206 288 subito
1235 256 1274 289 et
1300 249 1508 301 subpleant

157 308 241 347 loca
269 308 478 359 additaque
505 310 654 347 uirtute
682 309 935 347 inimicorum
961 308 1163 347 audaciam
1189 309 1381 359 frangant.
1423 308 1506 347 Hoc

157 369 276 418 primi
295 367 471 406 Lacones
492 369 745 419 inuenerunt,
772 368 912 405 imitati
939 372 1031 406 sunt
1050 367 1409 420 Karthaginienses,
1431 367 1508 406 Ro-

121 435 137 460 5
157 429 262 465 mani
276 432 413 477 postea
429 426 575 477 ubique
591 431 815 465 seruarunt.
866 425 946 465 Hac
967 426 1223 477 dispositione
1245 426 1349 465 nulla
1370 427 1509 465 melior

157 487 370 524 inuenitur.
435 485 533 523 Nam
570 485 718 524 directa
758 486 862 524 acies
900 485 974 524 hoc
1013 485 1139 524 solum
1172 498 1288 537 agere
1321 485 1438 525 debet
1470 492 1510 525 et

156 551 299 595 potest,
320 550 364 582 ut
384 544 538 583 hostem
559 544 723 595 repellat
746 550 813 583 aut
836 544 984 583 fundat.
1031 544 1072 582 Si
1093 557 1243 583 cuneus
1264 546 1315 583 sit
1335 545 1509 596 agendus

157 609 224 642 aut
254 603 392 655 forfex,
420 603 642 655 superfluos
668 603 812 642 habere
840 603 1002 642 debebis
1026 610 1114 654 post
1135 605 1276 655 aciem,
1297 604 1344 642 de
1366 603 1510 654 quibus

157 674 328 701 cuneum
354 662 418 701 uel
446 663 622 701 forficem
649 663 780 702 facias.
838 662 878 700 Si
905 662 1083 701 ducenda
1111 663 1161 701 sit
1189 674 1314 714 serra,
1341 664 1434 702 item
1463 675 1510 701 ex

103 730 137 754 10
157 721 449 760 abundantibus
470 721 646 774 ducitur3
668 734 756 760 nam
778 723 811 760 si
832 721 878 760 de
900 721 984 760 loco
1006 734 1076 760 suo
1099 721 1322 760 ordinatum
1345 721 1510 760 militem

156 780 374 819 transferre
409 782 605 832 coeperis,
638 782 826 820 uniuersa
853 780 1043 819 turbabis.
1102 780 1142 818 Si
1169 780 1309 831 globus
1335 781 1509 819 hostium

157 845 361 891 separatus
383 845 449 878 aut
470 840 569 878 alam
590 846 696 879 tuam
718 845 785 879 aut
808 845 959 891 partem
981 839 1150 890 aliquam
1171 852 1343 890 urguere
1371 852 1509 890 coepe-

157 899 221 951 rit,
248 900 325 937 nisi
352 898 574 950 superfluos
601 899 757 951 habeas,
785 911 884 950 quos
906 905 1042 937 contra
1063 898 1221 950 globum
1243 901 1370 949 possis
1391 899 1510 950 obpo-

156 970 265 1009 nere,
291 960 375 996 siue
403 958 556 1009 pedites
585 960 669 997 siue
698 959 853 1009 equites
880 957 927 996 de
955 959 1037 996 acie
1064 957 1217 1009 tuleris,
1243 957 1336 996 dum
1357 957 1429 996 alia
1449 959 1511 996 uis

104 1025 136 1051 15
158 1016 387 1068 defendere,
416 1017 487 1056 alia
513 1017 777 1068 periculosius
805 1016 1033 1055 denudabis.
1080 1016 1193 1062 Quod
1221 1018 1253 1055 si
1277 1016 1511 1055 bellatorum

157 1076 230 1115 tibi
257 1077 368 1127 copia
396 1089 474 1115 non
502 1076 687 1129 abundat,
716 1076 855 1114 melius
877 1082 937 1114 est
957 1077 1081 1114 aciem
1105 1074 1250 1114 habere
1272 1075 1511 1127 breuiorem,

157 1135 370 1173 dummodo
391 1137 430 1174 in
454 1135 640 1174 subsidiis
662 1135 844 1174 conloces
865 1135 1067 1186 plurimos.
1118 1134 1214 1173 Nam
1237 1136 1341 1173 circa
1363 1134 1510 1173 medias

157 1201 289 1244 partes
310 1196 438 1246 campi
466 1207 512 1232 ex
540 1194 739 1245 peditibus
767 1194 866 1232 bene
893 1195 1052 1233 armatis
1073 1193 1194 1232 debes
1214 1193 1360 1232 habere
1380 1193 1512 1232 lectis-

158 1255 298 1306 simos,
331 1254 377 1292 de
412 1253 557 1305 quibus
590 1251 760 1292 cuneum
793 1253 911 1292 facias
947 1259 986 1291 et
1019 1254 1149 1291 statim
1183 1255 1306 1291 aciem
1340 1252 1512 1291 hostium

104 1321 337 1365 201'umpas3
370 1314 474 1351 circa
508 1325 654 1351 cornua
689 1318 819 1351 autem
853 1312 900 1351 de
928 1313 1095 1350 contatis
1121 1311 1374 1362 loricatisque
1402 1313 1511 1363 equi-

157 1371 265 1410 tibus
311 1372 357 1410 ad
404 1372 476 1410 hoc
522 1373 738 1410 reseruatis
781 1378 819 1410 et
862 1371 941 1410 leui
980 1377 1176 1409 armatura
1215 1370 1391 1422 peditum
1433 1370 1511 1409 alas

15 1431 475 1483 {351133330primushostium
509 1432 800 1470 circumuenire
834 1436 871 1469 te
905 1431 1103 1468 conuenit.

185 1463 288 1489 debeat,

16 1491 289 1547 {lnuguffejffiffduffin
346 1490 479 1529 XVIII.
500 1490 597 1542 Dux,
613 1492 680 1541 qui
694 1491 947 1540 praecipuam
963 1490 1131 1527 sustinet
1146 1494 1392 1540 potestatem,
1408 1490 1512 1527 inter

182 1592 225 1628 V.
253 1593 293 1627 L.
347 1597 364 1627 1
387 1592 619 1627 neementius
635 1592 671 1626 P
687 1591 946 1626 uehementius
959 1592 1071 1635 uulgyo
1121 1594 1143 1624 4
1163 1590 1317 1633 imitati]
1339 1590 1432 1634 quos
1447 1591 1469 1625 i.
1492 1594 1510 1625 λ

232 1639 552 1682 karthaginienses
568 1640 617 1674 M
635 1638 932 1683 kartaginienses
947 1640 986 1672 H
1005 1637 1321 1681 carthaginienses
1337 1638 1373 1672 P
1396 1640 1512 1673 carta-

160 1686 344 1732 ginienses
359 1688 427 1721 Aa
455 1686 757 1731 carthaginenses
781 1686 814 1719 V
838 1685 1106 1730 cartaginensis
1127 1685 1166 1719 D
1229 1689 1248 1719 5
1275 1685 1514 1720 seruauerunt

159 1736 270 1779 uulgo
328 1738 347 1769 6
375 1735 428 1780 eb]
456 1734 484 1768 si
510 1736 621 1778 uulgo
676 1738 696 1768 8
724 1734 914 1768 debebunt
934 1736 952 1767 λ
979 1732 1176 1768 debetisP
1227 1736 1247 1766 9
1275 1744 1432 1767 cuneum
1452 1734 1514 1768 uel

159 1781 242 1816 fors.
263 1795 290 1816 π
311 1793 427 1816 cuneo
449 1783 548 1826 (cum
570 1793 612 1816 eo
637 1782 700 1826 M)
721 1781 884 1816 forficem
907 1794 931 1814 α
958 1783 1078 1815 cunefi
1103 1779 1187 1814 forf.
1209 1779 1284 1824 (sed
1304 1781 1328 1814 fi
1353 1781 1395 1814 in
1415 1781 1436 1816 l.
1464 1791 1511 1815 er.

161 1841 183 1863 α
203 1833 241 1872 2,
268 1830 331 1873 qui
352 1830 445 1863 idem
465 1830 506 1863 in
525 1830 690 1874 marqine
710 1831 774 1862 aut
794 1830 911 1873 addit)
933 1829 965 1861 L
993 1828 1110 1863 cuneii
1136 1828 1203 1862 fice
1233 1827 1308 1872 (sed
1335 1828 1453 1861 cunefi
1473 1829 1514 1862 in

162 1878 183 1911 l.
211 1889 258 1911 er.
287 1890 309 1910 (ι
329 1880 367 1918 2,
393 1878 457 1920 qui
482 1878 575 1910 idem
600 1878 639 1910 in
666 1877 832 1921 maryrz'frze
858 1878 894 1910 eb
920 1876 975 1910 for
1001 1876 1122 1918 addit)
1150 1875 1179 1920 Q
1205 1886 1234 1909 c.
1262 1876 1327 1908 auf,
1351 1874 1375 1908 f.
1403 1876 1514 1921 uulgo

235 1929 254 1958 9
281 1923 310 1958 si
335 1938 361 1959 π
389 1924 445 1969 [s]
475 1937 498 1957 α
525 1926 590 1958 auh
615 1926 633 1957 λ
714 1928 755 1957 10
783 1923 938 1957 ducetur
964 1924 1074 1967 uulgo
1175 1926 1215 1956 11
1244 1921 1456 1956 turbabitur
1485 1922 1514 1967 Q

161 1971 362 2007 ‘tui-babitu·
383 1972 416 2005 L
467 1975 509 2005 12
536 1971 657 2017 tuam]
685 1971 784 2004 suam
806 1984 829 2015 μ
882 1974 924 2004 14
950 1970 1025 2005 siue
1053 1969 1198 2013 equites
1219 1968 1293 2003 siue
1320 1968 1467 2013 pedites
1488 1982 1515 2004 π

236 2023 277 2053 15
306 2018 505 2054 denudaris
528 2019 561 2052 α’
663 2022 703 2052 17
732 2018 846 2063 circa]
875 2020 1004 2052 contra
1031 2017 1089 2051 εΡ
1184 2020 1228 2051 20
1255 2027 1367 2051 cornu
1393 2017 1453 2050 aP

188 2102 222 2136 S.
249 2102 287 2136 L.
339 2106 358 2136 2
386 2101 557 2146 subplant
585 2100 773 2145 (supplant
794 2101 855 2142 M)
882 2102 916 2134 α’
944 2099 1139 2144 suppleant
1158 2101 1197 2133 H
1253 2103 1273 2133 3
1301 2099 1511 2145 audaciam]

164 2149 320 2184 audacia
346 2151 384 2183 H
462 2153 481 2182 5
510 2149 594 2194 hac]
622 2159 665 2183 ac
692 2149 726 2182 α’
809 2152 827 2182 7
854 2147 1001 2192 fundah]
1028 2146 1180 2181 fundam
1207 2146 1257 2181 M
1331 2150 1351 2181 8
1379 2147 1513 2192 forfex]

163 2196 270 2231 forfix
297 2197 377 2231 261³
398 2196 524 2231 forfice
552 2198 589 2230 H
676 2199 718 2229 10
745 2194 1050 2229 habundantibus
1070 2195 1138 2228 A'z
1226 2197 1267 2228 13
1295 2193 1512 2239 superfluos]

164 2244 355 2288 superfluis
378 2246 416 2277 H
482 2254 667 2287 opponere
696 2245 759 2286 μΠ
829 2246 870 2277 16
897 2242 1091 2277 habundat
1116 2242 1184 2285 (-et
1209 2241 1257 2286 L>
1285 2253 1300 2275 ε
1370 2245 1411 2275 17
1440 2241 1514 2276 col-

164 2291 265 2326 loces
287 2294 324 2325 H
419 2290 579 2336 medias]
607 2291 729 2325 media
755 2292 794 2324 H

260 2338 342 2372 CAP.
371 2338 501 2374 XVIII.
601 2342 644 2372 23
672 2337 928 2383 praecipuam]
954 2336 1131 2382 precipua
1158 2338 1197 2370 Π
