1638 2620
600 121 680 156 Lib.
707 120 769 164 ΠΙ,
796 125 851 156 22.
1316 120 1400 161 113

59 226 102 260 ut
115 220 260 272 hostes,
275 219 337 258 die
358 225 444 258 orta
464 232 553 258 cum
573 219 870 272 intellexissent,
884 230 962 258 non
979 224 1141 270 possent
1156 218 1400 269 conprehen-

57 280 151 318 dere
172 278 464 329 praecedentes.
503 278 712 317 Praeterea
731 278 830 316 leuis
852 283 1048 317 armatura
1074 277 1401 329 praemittebatur

58 338 105 376 ad
133 337 268 388 colles,
295 337 342 375 ad
369 349 466 388 quos
493 336 624 375 subito
650 342 756 376 totus
783 342 1041 376 reuocaretur
1067 338 1276 388 exercitus,
1303 342 1342 375 et
1369 337 1402 374 si

58 396 191 435 hostes
224 397 380 446 insequi
411 395 647 448 uoluissent,
681 408 700 433 a
733 395 812 434 leui
844 401 1051 447 armatura,
1085 408 1183 446 quae
1216 401 1305 434 ante
1338 407 1401 434 oc-

57 460 274 506 cupauerat
299 454 440 506 locum,
461 454 602 492 additis
623 454 823 504 equitibus
845 454 1120 493 fundebantur.
1165 453 1270 492 Nihil
1297 456 1400 493 enim
1420 463 1436 488 5

57 513 319 565 periculosius
353 514 593 565 existimant,
632 525 747 563 quam
781 515 813 551 si
846 513 1067 552 inconsulte
1098 513 1400 564 insequentibus

57 572 105 611 ab
137 572 215 624 his,
248 573 315 623 qui
341 573 381 610 in
408 571 593 610 subsessa
619 572 768 610 suerint
794 571 857 610 uel
884 573 950 623 qui
977 578 1065 611 ante
1093 584 1134 610 se
1160 573 1401 624 parauerint‚

58 631 253 670 obuietm·.
310 629 392 669 Hoc
426 637 580 682 tempus
613 637 689 682 est,
726 642 803 681 quo
837 636 1030 681 oportune
1070 630 1312 670 collocantur
1344 632 1401 669 in-

58 689 197 742 sidiae,
237 691 326 741 quia
364 689 556 728 aduersus
600 689 795 740 fugientes
834 690 958 727 maior
997 689 1156 728 audacia
1195 694 1235 728 et
1272 691 1401 728 minor

0 765 10 772 ·
57 760 153 787 cura
173 754 243 787 est.
284 748 515 787 Necessario
542 754 672 787 autem
700 747 864 799 amplior
891 750 1083 787 securitas
1115 750 1276 798 grauius
1303 748 1402 788 solet
1422 758 1455 783 10

57 806 203 846 habere
235 807 458 846 discrimen.
508 807 711 858 Inparatis,
744 806 876 845 cibum
903 807 1160 858 capientibus,
1193 808 1232 845 in
1259 808 1400 846 itinere

57 866 187 918 lassis,
221 878 344 917 equos
376 878 469 904 suos
501 865 756 917 pascentibus
795 877 838 904 ac
871 865 967 904 nihil
1000 865 1074 904 tale
1108 866 1401 916 suspicantibus

58 931 325 976 superuentus
363 924 541 963 adsolent
579 926 674 963 fieri.
740 924 853 970 Quod
887 930 925 963 et
956 924 1070 963 nobis
1104 925 1309 963 uitandum
1342 931 1403 964 est

58 990 98 1023 et
139 984 245 1023 hosti
293 985 333 1022 in
378 983 571 1022 eiusmodi
621 983 894 1022 occasionibus
946 985 1141 1034 pernicies
1185 984 1400 1022 inferenda.

59 1042 141 1081 Hoc
173 1044 277 1081 enim
310 1054 402 1081 casu
429 1042 630 1093 obpressis
660 1054 732 1081 nec
765 1043 895 1081 uirtus
921 1048 1052 1093 potest
1084 1054 1157 1081 nec
1191 1043 1401 1081 multitudo
1424 1053 1456 1077 12¹>

59 1101 256 1153 prodesse.
314 1100 389 1146 Qui
421 1102 461 1139 in
494 1103 576 1140 acie
601 1100 758 1152 publica
784 1103 958 1140 uincitur
986 1113 1133 1152 pugna,
1165 1101 1258 1139 licet
1285 1108 1323 1140 et
1348 1101 1403 1140 ibi

58 1173 122 1199 ars
154 1160 367 1212 plurimum
399 1161 541 1212 prosit,
581 1166 710 1199 tamen
743 1159 789 1198 ad
827 1160 1095 1199 defensionem
1129 1172 1239 1198 suam
1272 1167 1403 1212 potest

58 1219 247 1258 adcusa1·e
286 1220 501 1271 fortunatum
543 1220 611 1270 qui
650 1231 746 1258 uero
785 1225 1071 1270 supernentum
1111 1219 1272 1257 insidias
1312 1219 1401 1258 sub-

60 1290 202 1333 sessas-
220 1290 358 1329 passus
387 1284 462 1330 est,
496 1278 648 1329 culpam
683 1290 793 1316 suam
820 1290 899 1316 non
925 1284 1056 1328 potest
1082 1290 1283 1329 excusare,
1312 1279 1402 1329 quia

59 1337 154 1376 haec
188 1339 313 1376 uitare
340 1339 469 1387 potuit
495 1343 533 1375 ct
559 1349 629 1387 per
656 1336 924 1388 speculatores
956 1337 1118 1375 idoneos
1145 1343 1233 1375 ante
1261 1350 1402 1388 cogno·
1424 1348 1458 1372 20

83 1415 125 1450 V.
146 1414 184 1450 L.
237 1419 254 1449 1
278 1415 352 1460 [die
375 1415 423 1460 o.]
446 1415 468 1447 ὃ
494 1415 526 1448 d.
549 1416 629 1449 orto
650 1415 761 1460 ztulyo
811 1419 830 1448 2
851 1414 1060 1462 Cpcedentel¹
1075 1416 1109 1448 A
1160 1420 1180 1449 3
1203 1416 1250 1449 ad
1271 1415 1406 1459 quosvz

59 1464 171 1506 atque
192 1463 225 1496 α’
254 1463 300 1496 ad
327 1462 401 1506 qua,
427 1462 460 1495 G
487 1462 549 1507 [ad
575 1463 628 1507 q.]
655 1465 673 1495 λ
699 1473 771 1505 quo
801 1463 892 1496 (md.
971 1462 1074 1496 totus
1099 1462 1220 1498 Kortt.
1248 1466 1272 1498 2
1301 1463 1403 1497 Stew.

59 1510 156 1568 totur
177 1532 260 1575 (hoc
285 1532 302 1565 s
324 1544 347 1567 ιι
373 1543 485 1567 mmm
509 1533 600 1566 satis
625 1533 780 1576 antiqua
803 1538 851 1566 est
874 1533 1051 1576 additum,
1077 1544 1152 1567 ozon
1172 1534 1216 1567 ab
1238 1545 1290 1575 ta,
1315 1544 1406 1577 (μιαθ

55 1581 196 1624 passim
215 1581 310 1614 hunc
330 1581 483 1614 codicem
503 1581 658 1614 correaez't
677 1579 781 1617 (XV.
802 1581 969 1623 saecum)
995 1580 1029 1613 A
1050 1582 1130 1614 tuto
1153 1581 1242 1625 Gna
1300 1592 1404 1615 reuo-

62 1629 233 1662 carentur
260 1640 283 1671 μ
333 1631 354 1661 4
379 1626 495 1661 hostis
513 1647 555 1651 —
575 1626 748 1661 uoluisset
767 1629 806 1660 H
863 1629 1136 1671 occupauerant:
1157 1640 1171 1662 ε
1231 1632 1250 1662 5
1277 1628 1404 1662 funde-

61 1674 196 1709 bantur
223 1673 332 1708 GHP
359 1674 583 1708 fundebatur
608 1675 669 1707 oc'd
700 1674 899 1708 funderent
924 1674 957 1707 L
988 1674 1141 1709 fundere
1171 1674 1200 1719 Q
1232 1674 1405 1710 defende-

59 1722 195 1756 bantur
221 1721 384 1756 Stezcech.
412 1721 564 1755 Sclzweb.
641 1725 659 1755 7
687 1720 721 1755 se
750 1721 980 1766 parauerint]
1011 1722 1273 1765 repedanerint
1299 1724 1337 1756 H

107 1773 127 1802 8
149 1767 321 1803 obuietur
340 1769 377 1802 π’
395 1768 546 1803 Fo'rster
566 1768 777 1802 obseruetur
792 1768 846 1802 εΡ
864 1768 1102 1803 obseruentur
1122 1770 1168 1811 (et
1188 1773 1295 1804 antea
1315 1769 1405 1803 inse-

60 1815 230 1860 quentes)
258 1815 359 1850 δέρω.
388 1815 624 1850 obser-uentur
650 1816 788 1860 (relicto
813 1814 1105 1859 insequentibus)
1136 1817 1228 1851 (lud.
1326 1816 1405 1851 Hoc

61 1864 146 1907 (quo
174 1863 248 1907 μΡ)
275 1862 423 1907 tempus
445 1862 498 1897 est
516 1873 588 1906 quo
610 1862 734 1908 ([quo]
762 1863 830 1905 λΡ)
859 1874 889 1897 o.
917 1874 946 1897 c.
969 1862 1159 1906 (collocari
1188 1864 1238 1907 P)
1271 1864 1292 1897 i.
1319 1862 1407 1907 quia

61 1910 254 1945 aduersum
286 1910 361 1953 fug.
389 1922 434 1944 m.
465 1921 496 1945 a.
524 1921 553 1945 e.
581 1922 627 1944 m.
656 1921 685 1944 c.
714 1921 743 1945 e.
777 1911 899 1944 rubris
932 1911 1060 1945 litteris
1090 1921 1160 1954 pro
1186 1911 1292 1944 titulo
1318 1912 1405 1945 scri-

61 1958 197 1992 buntur
210 1958 252 1991 in
267 1957 325 1991 εΡ
373 1961 392 1991 9
408 1956 510 2002 quia]
529 1969 551 2001 q
566 1959 603 1991 Π
654 1960 690 1990 11
711 1957 807 2001 Inp]
823 1956 863 1990 [n
878 1957 1073 2002 imparatis
1082 1958 1118 1991 π’
1172 1961 1214 1991 15
1231 1957 1345 2002 [casu]
1364 1958 1413 1992 M

61 2016 85 2039 a
104 2008 129 2040 2
155 2005 197 2038 in
221 2015 334 2049 marg.
363 2006 530 2039 additum
610 2008 651 2038 16
679 2005 741 2047 qui
767 2004 803 2038 π’
832 2004 919 2047 quia
946 2005 1002 2039 sP
1025 2005 1111 2048 quia
1137 2006 1199 2048 qui
1225 2006 1335 2049 mayo

60 2050 226 2097 publica]
255 2050 406 2095 publica
437 2052 499 2095 qui
526 2054 545 2085 λ
645 2054 685 2085 17
721 2051 984 2097 defensionem]
1019 2051 1255 2087 offensionem
1289 2052 1334 2085 A’

62 2102 107 2132 20
132 2098 251 2133 uitare
278 2098 323 2132 A7
352 2099 494 2133 euitare
521 2112 545 2143 μ
572 2099 609 2132 et
634 2098 753 2133 uitare
781 2112 807 2132 π

87 2168 122 2204 S.
148 2169 189 2204 L.
290 2173 306 2202 1
335 2169 431 2214 orba]
467 2169 575 2204 horta
603 2181 618 2202 ε
740 2168 898 2213 possent]
932 2169 1069 2213 possint
1094 2183 1117 2203 α
1150 2170 1249 2213 posse
1277 2173 1313 2204 Π

64 2227 199 2260 compr.
227 2217 266 2249 H
325 2220 345 2250 8
373 2216 614 2251 conlocantur
641 2216 701 2260 Gy,
771 2219 810 2250 11
840 2216 979 2261 cibum]
1007 2217 1128 2251 einum
1155 2219 1203 2262 A1
1279 2222 1320 2251 1⁶2
1348 2218 1405 2263 ac]

64 2263 132 2297 hac
159 2263 193 2296 α’
316 2267 358 2296 13
386 2263 644 2308 superuentus]
678 2262 918 2306 superuentos
939 2264 972 2297 α’
1096 2264 1251 2299 assolent
1276 2267 1316 2298 H

66 2314 109 2343 14
134 2309 244 2355 hosti]
272 2309 390 2344 hostis
404 2311 444 2343 Π
510 2315 551 2344 15
579 2309 760 2354 oppressis
776 2310 861 2344 ΜΠ
927 2314 968 2344 16
995 2311 1171 2357 uincitur]
1194 2312 1364 2347 uincetur
1384 2326 1407 2346 α

136 2357 173 2390 et
198 2355 268 2401 ibi]
297 2359 333 2391 et
358 2357 427 2391 tibi
448 2357 493 2390 A’
558 2362 601 2392 18
623 2357 791 2392 accusare
813 2358 908 2392 GM]
971 2357 1174 2405 fortunam]
1203 2358 1351 2394 fortuna
1373 2362 1406 2394 Π

137 2423 310 2447 VEGETIL‘S.
1175 2422 1194 2452 8
