1638 2620
642 127 723 163 Lib.
750 126 811 170 ΠΙ,
839 131 870 162 8.
1373 128 1428 170 83

82 227 128 265 ab
161 225 495 277 agrimensoribus
527 225 750 276 podismum
782 237 989 265 mensurae
1024 225 1153 277 colligi
1185 232 1353 279 oportet,
1386 233 1430 266 ut

81 286 126 324 ad
161 285 420 336 quantitatem
447 284 706 323 concludatur
732 286 940 324 exercitus.
990 283 1086 323 Nam
1113 291 1428 336 propugnatores

81 348 244 396 angusta
278 343 502 392 constipant
534 348 573 381 et
606 343 706 381 ultra
740 356 855 394 quam
889 345 1076 382 conuenit
1114 343 1252 383 latiora
1285 344 1427 383 diffun—

81 405 188 443 dunt.
238 401 381 440 Tribus
414 407 544 439 autem
578 401 703 439 modis
737 402 929 441 definiunt
961 409 1088 441 castra
1121 404 1267 441 muniri
1300 415 1426 454 posse.

79 462 255 501 Primum
282 461 321 498 in
349 461 466 499 unius
493 461 621 498 noctis
650 462 858 499 transitum
880 468 918 500 et
946 463 1099 500 itineris
1127 463 1425 512 occupationem
1447 480 1462 495 1

80 522 286 572 leuiorem,
320 531 409 557 cum
443 518 585 557 sublati
613 520 806 570 caespites
840 520 1072 559 ordinantur
1100 526 1138 559 et
1165 533 1345 572 aggerem
1374 521 1426 559 fa-

83 581 203 631 ciunt,
236 590 354 628 supra
388 589 505 629 quem
537 578 649 629 ualli,
683 578 756 616 hoc
790 584 849 617 est
882 579 999 617 sudes
1032 579 1094 618 uel
1130 579 1263 618 tribuli
1296 579 1426 632 lignei,

79 651 149 690 per
176 638 355 676 ordinem
382 636 627 688 digeruntur.
680 636 848 687 Caespes
873 644 1003 676 autem
1024 638 1323 677 circumciditur
1351 639 1425 677 ser-

80 698 277 748 ramentis,
311 697 379 746 qui
404 695 616 734 herbarum
644 696 843 735 radicibus
871 698 1047 736 continet
1073 702 1230 748 terram,
1257 698 1299 736 fit
1326 697 1426 736 altus

79 758 295 806 semissem,
322 755 422 793 latus
443 754 594 806 pedem,
622 755 762 806 longus
788 755 927 806 pedem
955 757 1083 794 semis.
1127 756 1239 801 Quod
1262 758 1293 794 si
1320 762 1425 794 terra
1448 766 1479 790 10

79 815 244 854 solutior
283 814 418 865 fuerit,
464 819 507 852 ut
546 813 591 851 ad
633 814 928 853 similitudinem
975 814 1108 853 lateris
1148 827 1309 866 caespes
1347 828 1425 853 nou

78 875 202 925 possit
241 872 406 924 abscidi,
451 878 545 911 tunc
585 885 704 924 opere
750 873 1007 912 tumultuario
1049 874 1151 912 fossa
1190 875 1426 926 percutitur,

78 934 151 972 lata
183 932 302 984 pedes
342 933 534 984 quinque,
573 931 647 970 alta
685 937 784 983 tres,
823 934 888 971 cui
925 934 1166 971 intrinsecus
1204 945 1322 983 agger
1361 945 1424 971 ex-

79 993 234 1044 crescit,
260 997 303 1030 ut
324 991 407 1029 sine
436 996 542 1029 metu
570 1002 735 1029 securus
763 992 986 1042 requiescat
1013 993 1224 1031 exercitus,
1274 991 1425 1029 Statiua

79 1057 208 1090 autem
242 1055 368 1089 castra
401 1055 546 1088 aestate
574 1050 638 1088 uel
665 1050 806 1102 hieme,
840 1050 950 1089 hoste
978 1052 1124 1102 uicino,
1157 1052 1302 1089 maiore
1332 1062 1423 1089 cura
1448 1060 1479 1084 15

79 1123 122 1148 ac
155 1109 287 1148 labore
321 1110 537 1147 firmantur.
585 1108 680 1147 Nam
708 1109 882 1160 singulae
911 1112 1125 1162 centuriae,
1157 1109 1426 1148 diuidentibus

79 1167 437 1220 campidoctoribus
459 1174 497 1206 et
517 1169 734 1219 principiis,
762 1170 961 1219 accipiunt
987 1168 1198 1220 pedaturas
1226 1173 1275 1219 et,
1304 1170 1426 1207 scutis

79 1228 143 1266 uel
176 1229 339 1266 sarcinis
373 1228 455 1265 suis
488 1228 527 1264 in
560 1226 696 1265 orbem
730 1228 833 1265 circa
867 1229 1025 1279 propria
1065 1230 1173 1279 signa
1213 1227 1426 1279 dispositis,

79 1288 198 1326 cincti
224 1286 350 1337 gladio
378 1286 521 1324 fossam
549 1288 731 1336 aperiunt
758 1286 872 1325 latam
899 1292 965 1325 aut
992 1299 1134 1325 nouem
1156 1291 1223 1325 aut
1242 1286 1427 1324 undecim

99 1399 141 1434 V.
170 1400 210 1434 L.
285 1403 306 1433 4
332 1399 452 1434 tribus
473 1411 504 1435 a.
532 1411 578 1433 m.
608 1399 641 1435 d.
669 1410 697 1432 c.
725 1410 771 1433 m.
798 1410 832 1442 p.
861 1399 920 1433 <31³
948 1400 1025 1433 tres
1046 1400 1128 1442 (tris
1146 1401 1210 1444 M)
1239 1411 1270 1434 a.
1298 1399 1431 1434 modus

78 1450 184 1490 (corr.
212 1448 252 1481 in
272 1446 405 1489 -0sM‚·
430 1446 561 1480 modos
575 1448 627 1489 H)
653 1446 832 1480 definiunt
853 1446 942 1490 (diff.
964 1448 1020 1491 H)
1047 1446 1135 1481 fosse
1164 1446 1276 1491 (fossae
1297 1447 1343 1491 G)
1364 1448 1430 1480 αΠ

76 1494 152 1528 tres
173 1505 205 1528 a.
230 1493 362 1528 modos
383 1493 552 1528 efficiunt
577 1493 706 1537 (efefic.
728 1493 775 1535 L)
802 1493 914 1528 fossas
934 1497 952 1528 λ
1040 1499 1058 1527 5
1086 1494 1242 1529 transitu
1270 1494 1353 1539 HQ

77 1542 359 1586 occupationem
378 1541 557 1575 leuiorem
577 1542 599 1574 δ
620 1540 862 1585 occupatione
883 1540 1061 1575 leuiorem
1083 1542 1130 1585 (-e
1148 1542 1197 1585 A)
1218 1554 1240 1574 α
1269 1552 1426 1585 occupa-

76 1588 178 1623 tione
204 1588 343 1623 leuiore
370 1589 465 1622 ΠλΡ
560 1591 603 1622 10
629 1587 806 1622 semissem
840 1588 939 1622 latus
965 1589 1097 1632 pedem
1133 1587 1267 1632 longus
1292 1588 1426 1632 pedem

77 1635 186 1670 semis
201 1648 225 1670 οι
245 1635 268 1669 s.
295 1635 394 1669 latus
410 1635 462 1681 [p.
482 1635 523 1681 l.]
549 1635 632 1680 ped.
653 1635 809 1669 semisH
826 1635 934 1670 semis
956 1636 1086 1679 pedem
1114 1635 1214 1670 latus
1234 1648 1269 1680 p.
1296 1635 1431 1680 longus

77 1695 112 1728 p.
133 1682 233 1717 [31³
249 1682 387 1717 semisse
408 1694 431 1728 p
452 1683 568 1726 longfi
587 1682 680 1726 pede
701 1682 808 1717 semis
823 1683 857 1716 L
877 1683 1010 1727 pedem
1032 1682 1210 1717 semissem
1229 1694 1253 1728 p
1273 1683 1427 1727 longum

77 1734 211 1798 {sedem
236 1753 345 1788 semis
369 1753 398 1798 Q
454 1757 495 1787 12
523 1752 692 1787 abscindi
712 1754 822 1798 uulgo
871 1753 1078 1797 percutitur
1099 1756 1163 1787 αΠ
1187 1753 1375 1798 percuitur
1394 1754 1428 1786 L

78 1801 320 1847 percircuitur
342 1801 371 1846 Q
390 1800 606 1845 perducitur
626 1800 687 1834 δΡ
702 1801 939 1845 praeducitur
959 1800 1114 1845 Lipsius
1134 1802 1224 1835 ΟΜΖ.
1286 1804 1328 1834 13
1350 1800 1428 1834 alta

77 1848 192 1893 pedes
212 1848 327 1883 tresa
353 1859 384 1882 a.
412 1860 446 1892 p.
475 1847 525 1881 ΙΙΙ
545 1848 581 1881 P
649 1847 753 1882 cuius
774 1849 884 1892 ηιιῑφο
953 1848 1127 1883 accrescit
1152 1850 1192 1882 H
1260 1851 1300 1881 17
1330 1859 1426 1882 cam-

77 1895 336 1941 piductoribus
357 1898 395 1929 H
490 1894 601 1929 scutis
623 1894 660 1928 et
685 1894 772 1929 sare.
800 1895 836 1929 P
858 1895 902 1929 sc.
931 1906 973 1930 ac
1000 1895 1022 1929 s.
1050 1897 1161 1940 uulyo
1261 1898 1303 1929 18
1330 1894 1428 1928 circa

77 1943 228 1988 propria
260 1943 364 1987 signa
396 1941 580 1986 dispositis
607 1941 733 1976 A'VP
772 1953 800 1976 c.
838 1954 873 1986 p.
913 1942 936 1976 s.
975 1942 1152 1987 depositis
1179 1943 1216 1976 D
1256 1953 1284 1977 c.
1324 1941 1428 1985 signa

77 1990 296 2039 &prioribus
315 1988 446 2034 positis
461 1992 500 2023 H
524 1989 621 2023 circa
647 1988 797 2034 propria
828 1988 981 2034 signatis
1002 1990 1131 2035 positis
1153 1990 1201 2024 M
1222 1989 1320 2024 circa
1345 2000 1429 2033 pro-

78 2038 198 2082 priam
224 2036 378 2082 signatis
400 2037 437 2071 et
463 2035 647 2081 dispositis
668 2039 686 2070 λ
786 2040 826 2071 19
855 2036 985 2083 cincti]
1014 2037 1137 2072 cuncti
1166 2036 1212 2071 A:

104 2133 138 2168 S.
166 2133 204 2167 L.
306 2136 322 2165 1
351 2130 681 2176 agrimensoribus]
716 2130 1016 2175 agrimessoribus
1039 2145 1062 2166 α
1179 2129 1324 2175 colligi]
1353 2129 1426 2164 col-

78 2179 154 2223 legi
181 2191 196 2213 ε
270 2179 536 2224 quantitatem]
566 2188 600 2212 -e
628 2180 664 2212 H
737 2183 757 2212 6
783 2179 974 2224 aggerem]
1003 2190 1140 2223 aggere
1166 2180 1206 2211 H
1272 2181 1290 2211 7
1317 2176 1425 2220 ualli]

78 2225 170 2261 balli
196 2228 232 2260 H
317 2225 444 2260 triboli
470 2228 509 2259 H
595 2228 615 2259 8
642 2224 808 2270 caespes]
836 2224 953 2272 cespis
974 2226 1009 2260 A
1036 2224 1176 2270 caespis
1200 2225 1248 2258 M
1271 2224 1388 2268 cespis
1408 2227 1427 2258 λ

152 2277 171 2307 9
199 2273 280 2319 qui]
308 2284 402 2317 quae
429 2286 453 2307 oc
529 2277 567 2307 11
598 2272 754 2307 solucior
781 2272 830 2306 M
898 2272 945 2306 ad
972 2272 1270 2317 similitudinem]
1298 2283 1319 2305 a
1340 2270 1362 2305 s.
1385 2271 1432 2305 M

151 2320 315 2365 caespes]
337 2320 495 2365 cespesu
548 2324 589 2354 15
611 2319 772 2355 maiorce
794 2330 881 2353 eura
896 2320 944 2353 M
991 2323 1033 2354 18
1055 2319 1197 2364 orbem]
1213 2319 1341 2353 urbem
1356 2331 1379 2351 α

84 2371 126 2401 19
154 2368 340 2413 aperiunt]
368 2367 538 2411 aperiant
565 2369 601 2400 H

1168 2423 1216 2459 6*
