1638 2620
624 111 704 147 Lib.
731 112 792 156 ΠΙ,
821 117 852 147 3.
878 116 910 148 4.
1390 111 1442 151 71
1473 130 1476 135 ι

94 216 243 253 ratione
265 213 406 251 famem
429 211 584 250 collecti
603 213 807 262 patiuntur
829 210 974 263 hostes,
989 211 1158 262 dispersi
1172 223 1268 249 uero
1291 210 1442 249 crebris

94 271 400 323 superuentibus
432 270 543 308 facile
577 271 803 308 uincuntur.

211 329 291 368 1111.
333 329 537 368 Interdum
556 334 690 367 mouet
711 329 922 368 tumultum
944 342 991 367 ex
1012 329 1181 368 diuersis
1201 328 1297 367 locis
1336 354 1558 380 Quemadmodum

93 389 279 428 collectus
313 389 511 427 exercitus
544 393 600 438 et,
633 399 723 426 cum
755 400 929 439 pugnare
961 387 1073 440 nolit,
1107 389 1223 426 irasci
1255 400 1296 426 se
1311 384 1581 434 3¹2⁰{ss‘ssfiissss‘ffld‘2‘51

91 448 258 500 simulat,
275 459 346 486 cur
367 459 445 484 non
465 446 632 484 ducatur
652 445 697 484 ad
720 446 883 499 bellum3
911 447 1014 498 quod
1033 446 1073 485 hi
1087 448 1297 498 praecipue
1312 443 1372 464 mes
1388 443 1492 463 faciant‘

90 507 250 558 faciunt,
260 508 327 556 qui
340 507 380 544 in
396 505 555 544 sedibus
570 505 694 543 otiose
707 504 950 556 delicateque
963 507 1161 544 uixerunt.
1182 505 1278 544 Nam
1294 507 1439 556 asperi-

90 570 169 604 tate
196 565 343 603 insoliti
368 563 513 603 laboris
539 564 690 615 offensi,
712 576 830 614 quem
851 565 890 602 in
913 564 1161 615 expeditione
1189 577 1352 603 necesse
1381 570 1440 602 est

90 625 300 676 sustinere,
319 628 523 674 praeterea
546 627 768 661 metuentes
789 623 994 675 proelium,
1021 625 1088 674 qui
1109 635 1308 662 armorum
1330 635 1439 662 exer-

88 684 179 721 citia
201 682 454 734 declinarant,
475 682 521 720 ad
549 681 742 720 eiusmodi
768 683 1079 733 praecipitantur
1106 682 1317 721 audaciam.
1368 682 1439 721 Cui

89 741 246 780 uulneri
266 740 468 791 multiplex
484 740 676 779 medicina
691 742 900 779 consueuit
918 742 1074 792 opponi.
1114 741 1214 780 Dum
1229 741 1354 779 adhuc
1377 753 1436 779 se·
1460 751 1493 775 10

87 801 213 852 parati
234 805 325 838 sunt
346 806 384 838 et
404 800 445 837 in
467 799 626 838 sedibus
649 800 742 851 suis,
758 799 1010 838 tribunorum
1024 799 1088 838 uel
1105 801 1344 838 uicariorum
1366 812 1437 838 nec

89 871 166 897 non
184 860 299 897 etiam
315 859 600 909 principiorum
616 858 662 896 ad
678 871 833 896 omnem
850 858 1096 910 disciplinam
1111 860 1304 897 artissima
1326 871 1437 897 seue-

88 919 203 956 ritate
219 923 428 956 teneantur
444 917 616 968 nihilque
633 917 736 955 aliud
753 918 829 955 nisi
844 917 1096 956 deuotionem
1113 917 1437 956 moderationem-

88 989 163 1028 que
180 975 412 1015 custodiant.
441 976 814 1027 Campicursiffllem,
831 983 873 1015 ut
893 978 968 1027 ipsi
989 976 1183 1028 appellant
1205 976 1436 1027 [inspectio-

88 1048 177 1074 nem
206 1034 442 1086 armorum]‚
469 1035 630 1073 adsidue
659 1036 818 1087 faciant,
840 1035 956 1074 nullis
978 1035 1260 1074 commeatibus
1286 1040 1437 1087 uacent,
1460 1046 1492 1071 15

87 1094 133 1132 ad
173 1106 332 1146 nomen,
373 1094 420 1132 ad
459 1096 568 1144 signa
607 1093 822 1132 obseruare
856 1107 932 1132 non
967 1095 1166 1146 desinant,
1199 1094 1245 1132 ad
1279 1096 1438 1145 sagittas

86 1153 299 1200 iaciendas,
333 1153 379 1190 ad
413 1152 616 1191 missibilia
648 1152 868 1205 dirigenda,
896 1153 943 1191 ad
970 1154 1171 1192 iactandos
1199 1153 1348 1205 lapides
1376 1153 1440 1192 uel

86 1212 206 1250 sunda
244 1211 309 1251 uel
347 1223 483 1263 manu,
529 1211 574 1250 ad
619 1216 838 1250 armaturae
879 1217 1054 1264 gestum,
1099 1212 1145 1251 ad
1187 1218 1320 1251 uectes
1366 1225 1438 1263 pro

87 1270 341 1309 similitudine
374 1270 592 1321 gladiorum
636 1272 813 1321 punctim
846 1273 1069 1322 caesimque
1104 1271 1280 1309 feriendo
1314 1271 1436 1310 multo

86 1329 147 1368 die
169 1342 296 1380 usque
317 1329 364 1368 ad
386 1330 570 1368 sudorem
592 1335 684 1368 sunt
705 1330 1025 1380 frequentissime
1047 1330 1261 1369 detinendi.
1308 1330 1436 1369 Cursu
1457 1342 1491 1366 20

86 1390 203 1427 etiam
225 1394 263 1427 et
284 1388 384 1427 saltu
400 1388 446 1426 ad
469 1388 790 1427 transmittendas
805 1389 929 1427 fossas
950 1389 1204 1428 nihilominus
1223 1389 1436 1428 imbuendi.

87 1447 165 1486 Seu
198 1460 303 1486 mare
332 1449 415 1486 siue
443 1447 590 1486 fluuius
618 1448 772 1486 uicinus
802 1453 861 1486 est
882 1447 1053 1500 sedibus,
1081 1449 1231 1486 aestiuo
1259 1453 1436 1499 tempore

86 1506 132 1545 ad
155 1507 367 1545 natandum
388 1506 554 1557 cogendi
575 1511 668 1545 sunt
688 1518 835 1558 omnes,
867 1512 1071 1557 praeterea
1093 1507 1232 1545 siluam
1260 1507 1436 1558 caedere,

86 1567 163 1604 iter
182 1578 253 1616 per
274 1566 412 1604 dumos
436 1571 473 1604 et
494 1565 660 1615 abrupta
683 1566 824 1616 facere,
847 1568 1050 1605 materiem
1073 1565 1267 1618 (ledolare,
1283 1568 1436 1617 aperire

109 1679 152 1714 V.
180 1678 219 1714 L.
306 1678 387 1716 Off,
416 1678 492 1713 1111.
582 1683 600 1713 7
627 1678 768 1724 offensi]
795 1679 916 1713 infessi
944 1681 981 1713 Π
1068 1683 1087 1713 9
1115 1679 1347 1714 declinarant
1374 1680 1436 1713 om*

86 1726 320 1761 declinarunt
350 1729 368 1760 λ
401 1726 631 1760 declinarent
661 1726 697 1760 P
726 1726 915 1761 declinant
951 1727 1063 1771 uulgyo
1185 1731 1227 1762 10
1261 1727 1362 1772 dum]
1398 1727 1440 1760 ut

85 1774 171 1808 dum
199 1774 260 1807 61³
355 1777 395 1807 12
423 1773 486 1819 ad]
513 1773 553 1807 in
579 1786 594 1807 ε
697 1777 739 1807 14
765 1784 849 1818 app.
878 1774 917 1818 [i.
939 1774 1002 1819 a.],
1029 1773 1139 1818 Lany
1165 1775 1358 1818 appellant
1383 1773 1436 1808 in-

84 1820 307 1865 spectionem
335 1832 366 1854 a.
390 1820 448 1855 &D
474 1819 675 1865 appellant,
703 1820 1046 1864 inspectionemque
1073 1832 1103 1855 a.
1133 1821 1248 1855 HVP
1323 1825 1364 1855 16
1391 1821 1438 1855 ad

84 1879 219 1902 nomen
246 1871 283 1901 et
308 1867 410 1912 signa
436 1870 453 1901 λ
548 1871 588 1901 17
616 1867 766 1902 missilia.
794 1870 898 1911 (corr.
926 1879 969 1902 eye
995 1867 1187 1902 missibilia
1214 1870 1268 1912 Π)
1296 1869 1371 1902 ΠΡ

88 1918 129 1949 18
157 1914 285 1960 funda]
314 1914 439 1948 fundis
461 1917 499 1948 H
588 1914 666 1960 [ad]
696 1927 785 1949 arm.
812 1916 835 1949 ὃ
931 1915 977 1950 ad
1004 1915 1146 1960 nectes]
1175 1916 1221 1950 ad
1248 1916 1377 1950 manus
1402 1918 1439 1950 H

183 1966 223 1997 19
250 1962 437 1996 feriendos
459 1963 481 1996 ὃ
601 1965 646 1996 20
673 1962 800 1998 sudore
827 1963 882 1997 ita
907 1966 948 1997 ut
974 1962 1061 1997 sudo
1094 1974 1117 1996 a
1142 1966 1167 1997 2
1200 1964 1240 1997 in
1266 1964 1340 1998 Ioco
1367 1975 1390 1997 a
1417 1967 1437 1997 1

84 2020 198 2044 vacuo
224 2010 347 2044 relicto
371 2010 546 2053 seriptum
566 2010 614 2044 sit
634 2011 671 2043 Π
743 2013 787 2043 22
814 2009 875 2044 seu
896 2021 995 2044 mare
1016 2009 1090 2044 siue
1113 2022 1127 2043 ε
1150 2009 1209 2044 seu
1230 2022 1276 2044 m,
1300 2009 1360 2044 seu
1381 2010 1441 2045 δΡ

86 2055 146 2090 seu
173 2068 255 2091 cum
280 2069 327 2091 m.
355 2055 429 2091 siue
456 2057 496 2090 Π
590 2060 634 2090 24
661 2055 811 2091 dumosa
837 2057 897 2091 &P

111 2162 145 2196 S.
173 2162 212 2198 L.
294 2162 375 2198 CAP.
403 2162 482 2197 1111.
570 2166 591 2196 4
618 2161 727 2208 nolit]
755 2163 874 2197 nollet
900 2163 961 2208 Αμ
1048 2168 1067 2198 5
1094 2162 1149 2197 hii
1176 2164 1210 2197 A
1297 2168 1317 2198 6
1345 2163 1436 2198 deli—

86 2210 184 2255 cate]
212 2208 373 2254 deligate
397 2210 445 2244 M
498 2214 518 2244 9
546 2209 698 2244 audatia
721 2210 769 2243 M
825 2214 866 2244 13
894 2209 1147 2255 deuotionem]
1175 2211 1374 2246 deuotione
1402 2213 1442 2245 H

159 2260 201 2290 15
229 2256 367 2291 assidue
389 2259 428 2290 H
488 2260 529 2292 18
557 2259 768 2291 armaturae
800 2256 959 2302 gestum]
988 2260 1175 2292 armatura
1200 2258 1364 2302 egestum
1390 2259 1435 2292 A'

157 2305 341 2338 armature
366 2304 498 2339 iestum
525 2307 563 2338 Π
622 2308 666 2338 20
693 2304 891 2339 detenendi
917 2305 965 2350 A1
1029 2309 1071 2339 21
1100 2304 1368 2340 nihilhominus
1390 2307 1436 2340 A’

158 2349 336 2385 inbuendi
362 2353 378 2384 λ
477 2355 523 2385 24
550 2351 697 2397 dumos]
732 2351 862 2386 domos
884 2365 908 2396 μ
1011 2352 1148 2398 facere]
1175 2352 1291 2388 fatere
1318 2353 1366 2398 Al
