1638 2620
119 758 153 782 10

121 1053 153 1077 15

120 1347 155 1371 20

172 121 228 161 92
717 122 796 157 Lib.
824 122 886 166 111,
916 127 968 158 10.

173 225 262 258 ante
285 220 507 272 temptanda
530 226 639 272 sunt,
660 233 760 271 quae
781 222 813 259 si
836 220 933 259 male
956 223 1170 272 cesserint,
1194 223 1324 260 minus
1346 229 1527 274 noceant,

174 280 207 317 si
227 278 339 330 hene,
361 279 576 330 plurimum
599 281 765 330 prosint.
798 279 905 318 Inter
925 280 1059 318 hostes
1081 280 1368 319 discordiarum
1389 293 1522 320 serere

173 349 310 377 causas
352 340 540 389 sapientis
580 343 639 376 est
677 338 801 377 ducis.
862 338 974 377 Nulla
1008 341 1112 377 enim
1146 341 1325 390 quamuis
1364 341 1523 378 minima

174 398 279 435 natio
312 402 444 447 potest
476 397 522 435 ab
557 397 795 436 aduersariis
828 397 1042 450 perdeleri‚
1076 399 1150 436 nisi
1182 400 1354 449 propriis
1389 399 1523 437 simul-

173 455 320 494 tatibus
354 468 394 493 se
412 457 504 506 ·ipsa
533 457 836 507 consumpserit.
892 456 990 495 Nam
1017 457 1132 495 ciuile
1161 457 1293 495 odium
1323 457 1368 496 ad
1396 458 1524 495 inimi-

174 526 311 552 corum
338 516 555 565 perniciem
582 527 772 565 praeceps
800 522 876 566 est,
903 515 949 554 ad
973 515 1180 554 utilitatem
1209 528 1301 554 suae
1330 516 1522 554 defensio-

173 574 234 610 nis
260 574 474 612 incaut-um.
525 573 654 612 Unum
683 574 777 612 illud
806 580 865 613 est
892 576 930 612 in
959 574 1033 612 hoc
1060 586 1179 625 opere
1203 574 1524 627 praedicendum,

173 637 215 670 ut
242 643 356 670 nemo
385 632 569 683 desperet
595 633 680 671 fieri
707 645 821 684 posse
847 645 944 684 quae
966 633 1066 672 facta
1088 638 1191 671 sunt.
1236 633 1346 671 Dicat
1367 633 1529 684 aliquis:

172 690 285 729 Multi
319 692 409 729 anni
437 697 546 743 sunt,
581 691 725 742 quibus
754 692 883 731 nullus
912 693 1014 730 fossa
1042 704 1183 743 aggere
1210 692 1392 743 ualloque
1420 705 1525 730 man-

173 761 310 787 surum
340 750 558 789 circumdat
583 753 811 789 exercitum.
863 751 1200 802 Respondebitur:
1229 750 1269 789 Si
1292 751 1431 789 suisset
1450 753 1525 790 ista

174 808 336 860 cautela,
354 809 449 847 nihil
471 811 655 848 nocturni
677 815 743 848 aut
758 810 890 848 diurni
907 816 1174 861 superuentus
1189 809 1365 848 hostium
1382 822 1527 848 nocere

172 869 407 918 potuissent.
465 867 606 906 Persae
639 870 838 907 imitantes
870 869 1066 907 Romanos
1099 869 1228 907 ductis
1254 869 1370 907 fossis
1398 874 1526 907 castra

173 928 439 978 constituunt,
472 933 529 979 et,
563 928 653 978 quia
685 921 877 966 harenosa
918 933 1010 966 sunt
1042 940 1164 979 prope
1198 929 1344 978 omnia,
1379 940 1526 979 saccos,

174 997 272 1035 quos
306 987 441 1024 inanes
474 991 747 1038 portauerant,
787 999 833 1025 ex
866 986 1164 1038 puluerulenta‚
1196 999 1294 1037 quae
1329 986 1527 1038 effoditur,

174 1050 280 1082 terra
308 1044 504 1096 complent
531 1057 748 1096 eorumque
776 1045 933 1084 cumulo
961 1057 1142 1096 aggerem
1172 1045 1329 1083 faciunt.
1382 1044 1527 1084 Omnes

172 1102 329 1141 barbari
352 1105 475 1141 carris
497 1105 580 1143 suis
601 1106 639 1142 in
662 1104 797 1143 orbem
821 1106 980 1143 conexis
1002 1104 1047 1142 ad
1070 1104 1366 1142 similitudinem
1382 1109 1527 1142 castro-

173 1174 260 1199 rum
284 1174 444 1200 securas
473 1176 492 1200 a
521 1163 831 1213 superuentilms
858 1165 1019 1214 exigunt
1048 1161 1196 1202 noctes.
1246 1162 1450 1216 Veremur,
1478 1175 1526 1201 110

173 1220 326 1258 discere
361 1233 604 1272 nequeamus
638 1234 737 1272 quae
772 1234 791 1260 a
826 1221 939 1260 nohis
966 1222 1029 1260 alii
1057 1219 1309 1260 didicerunt?
1344 1221 1448 1260 Haec
1479 1235 1527 1260 ex

174 1291 249 1317 usu
291 1279 482 1330 librisque
529 1286 640 1319 antea
686 1280 965 1332 seruabantur,
1008 1280 1075 1319 sed
1118 1282 1261 1319 omissa
1304 1281 1370 1319 diu
1413 1293 1527 1319 nemo

178 1340 391 1390 quaesiuit,
420 1341 509 1389 quia
536 1339 763 1391 uigentibus
784 1341 891 1390 pacis
912 1340 1051 1378 officiis
1072 1339 1211 1390 procul
1238 1339 1372 1378 aberat
1393 1352 1528 1378 neces-

175 1398 270 1435 sitas
292 1396 395 1436 belli.
437 1398 512 1436 Sed
542 1411 590 1437 ne
620 1398 848 1449 inpossibile
870 1399 1053 1437 uideatur
1074 1399 1248 1449 reparari
1270 1398 1527 1450 disciplinam,

174 1457 288 1494 cuius
328 1469 424 1495 usus
457 1458 678 1509 intercidit,
711 1458 923 1496 doceamur
957 1457 1156 1507 exemplis.
1224 1457 1334 1508 Apud
1370 1463 1528 1496 ueteres

194 1557 237 1591 V.
266 1558 305 1592 L.
381 1563 400 1592 2
429 1558 545 1593 serere
572 1558 656 1593 λδΡ
680 1558 755 1593 sere
783 1560 818 1593 α’
845 1559 934 1593 scire
963 1559 995 1593 G
1023 1559 1196 1594 disserere
1223 1561 1261 1592 H
1340 1563 1360 1593 5
1386 1558 1465 1603 ipsa
1491 1561 1531 1593 H

244 1609 263 1639 9
289 1604 383 1639 fossa
415 1617 550 1650 aggere
584 1606 644 1640 uel
670 1605 772 1640 uallo
799 1609 817 1641 λ
852 1606 944 1641 foss-et
983 1606 1063 1650 agit
1095 1607 1270 1650 ualloque
1297 1607 1319 1640 δ
1349 1606 1442 1641 fossa
1466 1606 1528 1641 uel

172 1663 309 1696 aggere
337 1652 511 1696 ualloque
537 1654 648 1697 uulgo
757 1658 799 1688 13
827 1653 979 1688 arenosa,
1008 1653 1116 1698 QGP
1215 1658 1257 1687 14
1283 1655 1529 1697 portauerunt

171 1702 281 1743 (exp.
303 1699 355 1743 D)
383 1699 443 1733 ὃΡ
468 1701 620 1744 portant
645 1702 662 1733 λ
726 1701 836 1746 quae]
865 1711 1033 1745 quaeque
1053 1701 1092 1735 D
1156 1705 1197 1735 17
1225 1700 1341 1735 securi
1366 1712 1388 1735 a
1411 1712 1525 1746 1111011-

169 1746 273 1780 tibus
288 1749 327 1780 H
352 1746 497 1788 securas
519 1759 540 1782 a
566 1747 911 1791 superuenientibus
927 1748 987 1782 ὃΡ
1064 1748 1194 1783 noctes
1219 1749 1301 1786 (hoc
1319 1749 1440 1782 vocab.
1461 1760 1485 1782 α
1503 1750 1528 1783 2

170 1797 254 1837 scr.)
284 1795 419 1829 lacuna
444 1806 489 1829 ne
516 1794 654 1829 discere
681 1795 920 1839 quereremus
941 1798 979 1829 H
1055 1799 1097 1830 18
1123 1795 1224 1830 Haec
1251 1806 1295 1829 ex
1321 1794 1385 1829 usu
1410 1794 1527 1829 libris-

172 1851 243 1884 que
273 1841 309 1874 P
339 1842 373 1877 h.
403 1852 431 1876 e.
461 1854 495 1876 u,
528 1842 705 1889 librisque
731 1843 777 1877 A’
812 1844 846 1877 h.
875 1855 904 1877 e.
933 1855 965 1879 u.
994 1844 1016 1877 l.
1052 1853 1145 1887 quae
1176 1843 1223 1876 M
1252 1843 1287 1877 h.
1320 1841 1385 1876 usu
1410 1842 1527 1876 libris-

171 1899 241 1931 que
269 1888 291 1921 ὃ
317 1889 351 1922 11.
380 1900 423 1923 ex
449 1889 648 1934 librisque
674 1890 713 1924 H
745 1891 779 1924 h.
808 1901 852 1924 ex
878 1890 985 1925 libris
1007 1890 1178 1924 discenda
1205 1889 1288 1933 (dic.
1316 1889 1363 1934 L)
1389 1900 1482 1932 quae
1509 1893 1527 1923 λ

173 1935 208 1969 h.
238 1947 266 1969 e.
297 1936 318 1969 l.
346 1936 519 1971 discenda
545 1948 639 1980 quae
666 1937 730 1971 usu
756 1939 867 1982 uulgo
942 1942 986 1972 20
1012 1936 1235 1982 uegentibus
1255 1936 1331 1970 oc'H
1399 1936 1532 1971 officiis

175 1982 278 2026 pacis
295 1983 371 2017 ΠΡ
436 1995 470 2017 11.
492 1984 545 2029 b.]
567 1984 749 2019 bellorum
770 1997 804 2018 n.
825 1985 936 2030 uulyo
1000 1989 1043 2019 21
1066 1984 1246 2029 reparari]
1274 1994 1349 2027 rep.
1371 1983 1470 2028 posse
1490 1985 1529 2017 H

244 2033 288 2063 22
316 2030 515 2065 doceamur
542 2031 616 2065 ΠΡ
645 2031 846 2066 doceamus
868 2033 890 2066 δ
916 2033 1090 2067 docemur
1117 2044 1132 2066 ε

196 2124 231 2157 S.
259 2123 297 2158 L.
397 2129 419 2159 4
445 2125 645 2171 perdeleri]
673 2137 710 2161 -e
737 2139 762 2170 μ
861 2130 880 2160 5
907 2126 1000 2172 ipsa]
1027 2126 1103 2171 ipse
1131 2139 1155 2160 α
1238 2129 1257 2159 6
1284 2124 1526 2171 defensionis]

172 2170 418 2206 descensionis
440 2175 478 2206 H
588 2177 631 2207 10
658 2173 878 2220 exercitum]
907 2173 1070 2208 exercitu
1097 2174 1137 2207 H
1240 2176 1281 2206 15
1309 2173 1484 2216 conplent
1509 2175 1528 2206 λ

268 2220 458 2265 aggerem]
495 2231 631 2264 aggere
659 2223 697 2254 H
808 2225 849 2255 16
885 2220 1018 2266 carris]
1052 2220 1148 2255 caris
1170 2233 1185 2254 ε
1298 2219 1441 2265 orbem]
1468 2232 1526 2253 ur—

172 2265 257 2299 bem
285 2279 308 2299 α
401 2271 446 2301 20
472 2268 601 2311 proeal
627 2267 785 2302 {aberat
812 2269 846 2302 A
873 2269 1140 2313 proeurauerat
1166 2269 1204 2301 H
1294 2270 1336 2300 21
1364 2266 1527 2312 impossi-

171 2311 246 2347 bile
274 2315 312 2346 H
432 2318 475 2348 22
503 2314 606 2360 usus]
641 2314 707 2349 usu
734 2315 767 2349 α’
890 2314 1098 2360 intercidit]
1136 2313 1334 2348 intercedit
1364 2315 1399 2348 α’
1431 2314 1528 2348 inter

172 2359 304 2394 lacuna
332 2360 471 2395 decidit
496 2364 534 2395 H
