1638 2620
240 120 323 161 146
734 121 815 157 Lib.
841 122 921 167 1111,
948 127 1004 159 25.
1032 127 1088 159 26.

94 245 133 271 Q
138 246 162 266 ,
187 245 212 266 f
198 251 272 266 ΜΒ
289 246 366 266 debe,
500 220 611 259 XXV.
638 220 996 260 Innumerabilibus
1017 222 1238 262 declaratur
1258 225 1446 276 exemplis
1467 238 1584 279 saepe

94 275 363 331 ,fgst‘esspffffssffssssgrssjss
380 291 515 318 caesos
542 280 588 318 ad
615 281 916 319 internicionem
943 280 1088 334 hostes,
1115 283 1182 333 qui
1209 289 1467 334 peruaserant
1488 287 1582 325 ciui·

91 335 124 355 ⁰³¹
126 335 170 355 ¹¹¹*
175 337 199 355 ‘
186 341 234 355 ¹¹¹
379 343 511 378 tatem.
568 337 680 384 Quod
714 340 797 377 sine
832 339 950 378 dubio
983 342 1134 393 euenit,
1168 343 1200 379 si
1232 342 1416 393 oppidani
1448 355 1583 383 muros

234 410 278 437 ac
313 404 444 437 turres
477 399 716 436 retinuerint
748 397 812 436 uel
845 397 980 437 altiora
1014 402 1299 451 occupauerint
1331 400 1426 441 loca.
1471 402 1582 442 Tunc

199 465 214 490 5
235 458 339 495 enim
379 457 426 496 de
466 457 651 499 fenestris
684 468 728 495 ac
761 459 875 495 tectis
908 459 1034 496 omnis
1067 465 1174 497 aetas
1206 471 1250 498 ac
1283 471 1401 499 sexus
1433 462 1581 500 inrum-

232 522 371 567 pentes
405 515 538 554 obruit
570 517 673 554 saxis
707 515 870 567 aliisque
910 517 1122 567 generibus
1161 517 1348 571 te10rum3
1389 520 1493 570 quod
1532 533 1581 559 ne

233 577 474 628 sustineant,
507 574 733 614 obsidentes
766 580 899 625 portas
932 576 1105 614 ciuitatis
1138 578 1291 628 aperire
1325 585 1582 632 consuerunt,

231 639 274 672 ut
307 636 494 673 resistere
528 634 708 672 desinant
734 634 910 684 fugiendi
936 640 1130 685 potestate
1158 647 1356 675 concessa.
1401 637 1580 677 Necessi-

231 698 289 731 tas
329 695 432 732 enim
473 692 663 744 quaedam
701 694 863 731 uirtutis
902 698 962 731 est
1000 693 1233 745 desperatio,
1290 695 1334 733 In
1372 695 1446 734 hoc
1487 708 1580 736 casu

178 760 211 784 10
231 764 354 791 unum
387 752 592 804 oppidanis
620 751 808 790 auxilium
835 757 906 800 est,
939 753 1023 791 siue
1049 765 1121 804 per
1148 753 1252 792 diem
1279 755 1362 793 siue
1389 767 1462 806 per
1488 767 1579 794 noc-

230 816 309 849 tem
342 811 466 850 hostis
498 812 722 863 intrauerit,
754 816 799 849 ut
830 823 965 849 muros
993 817 1205 863 turresque
1238 818 1398 852 teneant
1426 826 1469 852 ac
1496 814 1579 853 loca

229 871 435 921 superiora
468 870 735 909 conscendant
766 870 981 921 hostesque
1014 883 1085 922 per
1117 872 1229 910 uicos
1263 877 1300 911 et
1333 872 1481 923 plateas
1509 885 1577 911 un-

227 929 346 980 dique
380 929 549 968 obruant
581 929 824 967 dimicantes.

86 1012 141 1038 Qu,
166 1013 358 1035 mmmm
490 987 623 1027 XXVI.
655 988 902 1038 Frequenter
935 987 1066 1026 dolum
1101 990 1325 1040 excogitant
1351 989 1577 1029 obsidentes

84 1043 254 1093 ⁰f‡‡‡{}¹,‘‡,‘0¹¹‘{
257 1043 415 1099 υζζῗξὸειο
455 1047 634 1086 simulata
673 1047 946 1098 desperatione
986 1047 1141 1098 longius
1180 1047 1336 1087 abeunt.
1395 1048 1471 1087 Sed
1510 1048 1578 1087 ubi

83 1107 125 1122 ‘¹¹¹¹
128 1108 193 1123 ‘‘‘‘‘
368 1112 458 1158 post
490 1112 639 1144 metum
672 1118 878 1144 murorum
910 1105 1055 1156 uigiliis
1095 1106 1293 1145 derelictis
1333 1108 1578 1158 requieuerit

225 1161 381 1204 incauta
415 1166 625 1216 securitas,
658 1164 914 1203 tenebrarum
946 1177 990 1203 ac
1024 1167 1151 1203 noctis
1184 1167 1391 1204 occasione
1425 1172 1576 1218 captata

224 1236 312 1262 culn
335 1224 448 1263 scalis
470 1223 646 1263 clanculo
668 1225 835 1262 ueniunt
856 1235 1070 1274 murosque
1092 1224 1374 1264 conscendunt.
1407 1225 1576 1277 Propter

223 1283 329 1333 quod
356 1285 479 1322 maior
506 1289 567 1322 est
593 1282 811 1321 adhibenda
838 1283 1028 1335 custodia,
1056 1295 1145 1321 cuin
1172 1283 1296 1322 hostis
1324 1283 1574 1337 abscesserit,

169 1352 202 1375 2¹2>
223 1348 261 1380 et
292 1343 332 1380 in
364 1343 461 1393 ipsis
488 1343 612 1380 muris
640 1354 683 1380 ac
712 1341 890 1380 turribus
921 1341 1112 1392 teguriola
1140 1342 1390 1395 conlocanda,
1422 1344 1462 1381 in
1491 1345 1574 1394 qui-

221 1400 294 1439 bus
321 1401 461 1452 uigiles
487 1400 663 1439 hibernis
691 1400 893 1439 mensibus
920 1400 966 1439 ab
993 1400 1110 1439 imbri
1137 1401 1199 1439 uel
1226 1402 1384 1453 frigore,
1412 1403 1574 1441 aestiuis

242 1491 285 1527 V.
301 1492 340 1527 L.
393 1491 475 1526 CAP.
491 1491 605 1526 XXV.
645 1495 664 1525 2
686 1490 970 1525 internicionem
986 1492 1025 1525 H
1041 1490 1322 1526 internitionem
1338 1504 1353 1526 ε
1366 1491 1399 1525 V
1416 1491 1573 1526 interni—

218 1539 359 1573 tionem
381 1550 470 1574 corr.
493 1540 534 1573 in
551 1538 841 1573 internetionem
856 1538 895 1572 D
915 1538 1202 1573 internetionem
1223 1539 1259 1573 P
1280 1538 1573 1574 internecionem

218 1587 329 1631 uulgo
378 1582 566 1631 peruasert
581 1586 613 1619 V
627 1585 839 1620 inuaserant
853 1588 889 1619 H
909 1585 1163 1630 persuaserant
1177 1586 1227 1620 M
1233 1585 1489 1631 persuaserant
1503 1586 1578 1621 ΑΡ

266 1637 285 1667 3
301 1634 442 1679 euenit]
460 1633 613 1668 obuenit
628 1634 667 1666 H
714 1636 735 1666 4
749 1632 973 1667 retinuerint
989 1633 1065 1678 [uel
1080 1632 1217 1667 altiora
1237 1633 1522 1679 occupauerint]
1536 1635 1577 1667 H

311 1681 418 1727 tunc]
444 1681 530 1714 hinc
556 1682 595 1714 H
691 1684 711 1714 5
739 1691 781 1714 ac
815 1680 919 1715 sexus
945 1679 1204 1724 inrumpentes
1233 1680 1359 1715 obruit
1385 1682 1504 1716 omiss.
1530 1682 1572 1716 in

216 1731 396 1771 contemtio,
422 1729 640 1800 suppletmnb
652 1727 732 1771 (1.9)
758 1729 797 1761 in
823 1728 987 1772 maryt'ne
1014 1727 1063 1761 M
1156 1731 1174 1762 7
1203 1727 1373 1762 ciuitatis
1397 1727 1458 1772 (-is
1482 1729 1522 1762 in
1547 1729 1571 1764 ἶ.

215 1821 262 1845 er.
291 1810 340 1854 L)
367 1810 450 1844 Gau:
489 1776 659 1852 ciuitatis
679 1811 727 1844 M
764 1808 953 1852 ciuitatib3
980 1809 1016 1843 A
1137 1809 1357 1844 consuerunt
1384 1810 1443 1844 sD
1486 1821 1569 1845 con-

214 1857 412 1892 sueuerunt
444 1858 521 1891 HP
544 1848 800 1892 consneuerint
833 1857 867 1890 V
924 1860 944 1890 8
971 1856 1202 1891 necessitatis
1222 1860 1240 1891 λ
1304 1862 1324 1892 9
1351 1856 1473 1891 uirtus
1495 1870 1519 1901 μ

214 1904 256 1939 In
282 1904 353 1939 hoc
380 1904 463 1939 casu
488 1904 534 1939 A'
562 1904 600 1939 in
627 1904 757 1940 occasu
783 1903 854 1948 (—sti
880 1904 933 1949 D)
960 1917 1012 1949 μπ
1076 1908 1118 1939 10
1145 1915 1217 1939 uno
1245 1917 1260 1939 ε
1327 1908 1367 1938 11
1396 1904 1564 1951 teneant]

214 1952 409 1996 optineant
436 1954 475 1986 H

309 1999 389 2034 CAP.
417 1998 547 2034 XXVI.
601 2002 643 2032 14
671 1999 833 2044 [dolum]
860 2000 899 2032 H
996 2001 1038 2032 18
1068 1998 1277 2033 clanculum
1304 1999 1365 2033 ὃΡ
1387 1999 1498 2043 uulgyo

211 2049 257 2081 20
284 2047 471 2091 teguriola.
497 2048 593 2090 (-ora
618 2046 685 2092 Al)
714 2059 730 2081 ε
758 2046 947 2091 tuguriola
972 2058 1016 2088 π;
1043 2046 1089 2089 cf.
1121 2046 1232 2080 Orelli
1258 2047 1359 2081 Insc.
1388 2049 1485 2081 1773

212 2096 255 2126 21
284 2093 467 2128 imbribus
488 2094 525 2128 P
547 2095 658 2138 uulyo

235 2175 268 2209 S.
284 2176 324 2211 L.
388 2176 469 2211 CAP.
491 2176 606 2212 XXV.
632 2181 653 2211 4
668 2175 897 2211 retenuerint
911 2175 945 2209 α’
997 2178 1017 2209 5
1035 2173 1187 2220 irrump.
1203 2177 1242 2209 H
1292 2179 1332 2209 12
1355 2175 1565 2222 conscend.]

212 2223 454 2259 conscindant
478 2225 525 2268 A,

308 2270 389 2305 CAP.
416 2271 545 2305 XXVI.
600 2275 643 2306 15
670 2270 858 2316 simulata]
887 2269 1036 2303 simulta
1063 2270 1103 2302 H
1197 2268 1447 2313 disperatione
1475 2282 1491 2304 ε

210 2316 366 2363 abeunt]
393 2318 558 2354 habeunt
584 2319 618 2353 α’
696 2323 737 2353 16
764 2316 1008 2362 requieuerit]
1037 2315 1292 2360 requieue1int
1317 2319 1355 2351 H
1417 2320 1462 2351 20
1489 2316 1562 2351 col-

211 2363 373 2399 locanda
401 2367 442 2399 H
535 2370 577 2401 21
604 2365 786 2412 hibernis]
814 2363 953 2400 iuernis
975 2363 1009 2397 α’
