1638 2620
604 135 684 170 Lib.
711 134 791 178 ΠΗ,
821 137 873 170 16.
903 138 956 169 17.
1373 133 1455 175 139

107 235 324 287 adportatis
349 233 544 285 lapidibus
571 233 686 284 lignis
713 245 757 272 ac
785 239 890 272 terra
915 245 994 272 non
1021 232 1146 271 solum
1174 232 1361 283 conplent
1388 233 1455 271 sed

107 295 224 333 etiam
264 293 454 344 solidant,
493 298 537 330 ut
576 298 707 330 turres
747 291 1028 331 ambulatoriae
1062 293 1145 330 sine
1184 291 1456 342 inpedimento

105 355 320 403 iungantur
362 351 408 390 ad
448 363 618 389 murum.
676 350 873 390 Vocantur
913 357 1043 390 autem
1082 363 1103 389 a
1135 352 1298 389 marinis
1329 349 1456 389 beluis

106 411 294 463 musculi3
326 422 414 448 nam
442 410 772 461 quemadmodum
798 409 865 456 illi,
893 422 982 448 cum
1009 411 1182 448 minores
1209 411 1299 461 sint,
1325 414 1456 448 tamen

105 469 269 508 ballenis
319 469 507 508 auxilium
557 468 916 519 adminiculumque
961 469 1105 519 iugiter
1150 468 1353 520 exhibent,
1403 469 1492 506 ita5

107 530 205 567 istae
250 527 452 566 machinae
496 527 703 566 breuiores
751 526 852 577 [uel]
901 527 1108 578 deputatae
1153 527 1332 566 turribus
1378 539 1455 565 ma-

104 588 192 638 gnis
220 587 409 634 aduentui
437 586 593 625 illarum
621 592 761 637 parant
787 587 892 624 niam
916 588 1136 637 itineraque
1163 587 1455 637 praemuniunt.

104 645 219 684 XVII.
244 646 393 684 Turres
420 651 549 684 autem
570 645 758 684 dicuntur
779 645 1091 683 machinamenta
1113 645 1158 683 ad
1181 645 1311 684 aedifi·
1328 671 1493 691 vetum-ibus
1510 676 1551 691 am
1572 676 1588 691 u

104 706 256 744 ciorum
284 706 457 756 speciem
483 717 530 743 ex
557 703 735 743 trabibus
757 703 1019 755 tabulatisque
1047 710 1236 755 conpacta
1264 700 1435 756 etfamffifl·

104 776 153 802 ne
174 769 326 802 tantum
353 775 451 814 opus
477 763 609 801 hostili
630 768 906 802 concremetur
933 763 1128 815 incendio,
1156 763 1455 814 diligentissime
1477 772 1510 796 10

105 835 152 861 ex
192 822 326 861 crudis
366 823 484 860 coriis
523 822 587 860 uel
627 821 861 860 centonibus
901 823 1159 874 communita,
1199 821 1343 873 quibus
1382 834 1455 873 pro

104 881 220 920 modo
253 880 471 920 altitudinis
504 880 662 919 additur
694 880 871 919 latitudo.
920 880 1016 919 Nam
1048 880 1249 919 interdum
1282 882 1456 920 tricenos

104 940 225 991 pedes
258 952 328 991 per
361 939 556 991 quadrum
588 940 788 978 interdum
822 940 1096 990 quadragenos
1123 939 1187 978 uel
1215 941 1456 990 quinquage-

105 1011 176 1038 nos
204 999 302 1038 latae
331 1005 433 1038 sunt.
475 998 700 1037 Proceritas
727 1004 856 1037 autem
884 1000 1060 1049 ipsarum
1087 1004 1192 1038 tanta
1220 999 1274 1051 fit,
1308 1005 1351 1037 ut
1377 1011 1456 1036 non

105 1060 231 1097 solum
264 1070 400 1097 muros
427 1057 495 1096 sed
524 1059 641 1096 etiam
667 1064 799 1097 turres
826 1057 998 1109 lapideas
1025 1057 1231 1097 altitudine
1254 1063 1455 1109 superent.
1477 1067 1509 1090 15

104 1117 174 1155 His
207 1117 341 1168 plures
374 1122 482 1156 rotae
517 1117 742 1155 mechanica
770 1123 853 1155 arte
881 1116 1119 1168 subduntur,
1153 1129 1321 1168 quarum
1345 1116 1454 1168 lapsu

105 1176 270 1215 uolubili
302 1176 528 1227 magnitudo
562 1182 640 1215 tam
674 1175 800 1227 ampla
834 1183 1052 1215 moueatur.
1097 1176 1291 1214 Praesens
1325 1181 1456 1214 autem

104 1234 326 1286 periculum
359 1236 531 1274 ciuitatis
564 1241 635 1287 est,
669 1237 702 1274 si
734 1235 780 1274 ad
808 1247 966 1274 murum
993 1235 1114 1274 fuerit
1140 1236 1263 1273 turris
1290 1235 1456 1274 admota.

103 1294 243 1332 Plures
283 1295 387 1332 enim
429 1295 572 1345 accipit
605 1294 726 1333 scalas
760 1299 799 1332 et
831 1295 989 1332 diuerso
1022 1306 1167 1345 genere
1201 1300 1367 1333 conatur
1398 1295 1454 1332 in-

104 1364 302 1404 rumpere.
345 1352 441 1391 Nam
468 1355 507 1391 in
535 1353 791 1392 inferioribus
812 1353 930 1391 habet
956 1354 1131 1405 arietem,
1164 1355 1278 1392 cuius
1304 1354 1455 1403 impetu
1477 1362 1510 1386 20

105 1412 274 1451 destruit
306 1424 453 1464 muros,
486 1414 590 1451 circa
617 1413 785 1451 mediam
812 1424 908 1450 uero
935 1418 1087 1463 partem
1115 1413 1258 1463 accipit
1284 1418 1456 1463 pontem,

105 1471 251 1509 factum
284 1471 331 1509 de
365 1470 516 1510 duabus
549 1471 729 1510 trabibus
762 1477 1021 1522 saeptumque
1055 1471 1102 1509 de
1135 1472 1306 1523 uimine,
1340 1483 1457 1522 quem

106 1530 238 1569 subito
277 1529 473 1581 prolatum
511 1532 616 1569 inter
654 1537 805 1569 turrem
851 1542 1089 1581 murumque
1131 1531 1380 1569 constituunt
1419 1536 1457 1568 et

131 1609 174 1642 V.
198 1609 238 1643 L.
339 1612 359 1642 3
386 1609 548 1654 murum]
583 1608 708 1643 muros
729 1622 756 1642 π
854 1612 872 1643 7
900 1608 1062 1643 ballenis
1086 1608 1114 1642 O
1150 1608 1319 1643 balaenis
1339 1619 1457 1653 gyram—

106 1656 233 1690 matiei
257 1656 383 1691 docent
481 1661 499 1690 6
529 1656 624 1701 [uel]
653 1656 854 1700 deputatae
881 1657 992 1702 ἰιυῖῃο
1018 1655 1080 1690 1161
1107 1656 1189 1700 dep.
1211 1656 1316 1701 εΠΡ2
1347 1655 1458 1690 ualde

105 1704 182 1748 put*
210 1704 232 1737 ὃ
257 1702 367 1738 ualde
394 1703 475 1747 dep.
502 1703 539 1737 P
567 1704 610 1738 cle
634 1702 740 1746 uefflut
765 1704 941 1747 eogyitauit
969 1703 1251 1747 Ouclcndorpius
1350 1707 1368 1737 7
1397 1703 1458 1737 ad-

106 1749 235 1784 uentui
263 1763 287 1794 μ
313 1750 477 1784 aduentu
491 1749 578 1784 A'n'
606 1750 770 1785 aduentu
798 1750 834 1784 P
926 1750 1007 1785 CAP.
1035 1750 1152 1784 XVII.
1203 1754 1222 1785 9
1252 1750 1458 1795 [ex]qu[10

205 1801 247 1831 11
276 1796 503 1832 communita
529 1797 664 1841 quibus
685 1801 730 1831 πλ
764 1798 969 1832 communit
994 1809 1016 1832 a
1041 1797 1178 1842 quibus
1199 1810 1223 1831 α
1255 1797 1458 1832 communi-

105 1845 167 1879 tur
193 1843 329 1888 quibus
349 1844 400 1890 Α2
429 1844 592 1879 Steweclz.
700 1849 742 1879 13
768 1845 845 1891 uel]
874 1856 918 1880 ae
946 1846 985 1879 H
1090 1848 1132 1879 15
1162 1844 1395 1890 [altitudine]
1423 1846 1461 1878 H

181 1896 222 1926 16
249 1892 308 1926 his
330 1892 457 1936 plures
478 1892 596 1937 rotae]
624 1892 683 1926 ‘nis
705 1894 829 1927 autem
857 1892 977 1927 crates
1000 1893 1039 1926 H
1113 1892 1285 1937 quarum]
1314 1890 1409 1936 quas
1423 1893 1463 1926 H

205 1943 245 1974 17
273 1939 447 1985 uolubili]
477 1938 661 1974 immobili
688 1942 727 1973 H
844 1939 1055 1985 moueatur]
1082 1940 1249 1974 moratur
1274 1941 1313 1973 H

107 1990 151 2021 23
178 1987 317 2020 turrem
345 1987 405 2020 εΠ
428 1986 560 2020 turrim
587 1986 714 2031 (turim
748 1987 801 2030 V)
829 1987 892 2021 δΡ

132 2057 165 2092 S.
194 2058 232 2091 L.
332 2058 414 2092 CAP.
442 2057 537 2090 XVI.
591 2061 607 2091 1
636 2057 846 2102 apportatis
868 2059 908 2091 H
1002 2058 1192 2102 complent
1218 2058 1257 2090 H
1338 2061 1358 2091 2
1386 2069 1460 2092 am-

106 2104 316 2139 bulaturiae
342 2105 404 2148 Αμ
501 2104 768 2149 impedimento
797 2106 835 2138 H
913 2109 933 2139 3
959 2105 1176 2150 iungantur]
1203 2104 1381 2149 iugantur
1407 2105 1455 2150 Al

179 2151 315 2197 beluis]
344 2150 466 2186 ueluis
487 2153 527 2185 H
620 2155 642 2185 4
668 2152 994 2195 quemammodum
1022 2154 1061 2186 H
1154 2156 1173 2186 5
1201 2151 1351 2186 exibent
1377 2154 1416 2186 H

109 2203 128 2233 7
155 2200 304 2244 parant]
331 2199 440 2244 parat
466 2200 505 2232 H
600 2198 682 2234 CAP.
710 2199 823 2233 XVII.
875 2202 895 2233 8
922 2199 1061 2245 turres]
1087 2198 1202 2233 turris
1224 2198 1259 2233 α’
1340 2203 1360 2233 9
1387 2201 1460 2233 tra,-

108 2245 218 2280 uibus
239 2245 301 2290 Αμ
352 2247 548 2290 compacta
575 2248 615 2280 H
664 2250 704 2280 12
731 2245 911 2291 tricenos]
938 2246 1108 2281 trecenos
1125 2259 1140 2281 ε
1194 2251 1235 2280 16
1257 2246 1387 2281 rothae
1407 2246 1455 2291 Al

182 2296 224 2327 19
252 2292 456 2337 irrumpere
483 2295 523 2327 H
616 2297 659 2327 21
689 2293 857 2339 destruit]
886 2293 1049 2328 destruet
1075 2306 1090 2328 ε
1179 2292 1357 2339 mediam]
1384 2304 1459 2328 me-

109 2339 172 2374 dia
198 2341 232 2373 oc'
322 2340 484 2386 partem]
512 2341 619 2384 parte
646 2341 695 2375 M
788 2340 940 2386 accipit]
969 2340 1116 2386 aceepit
1142 2343 1179 2375 H
1277 2344 1320 2375 22
1347 2340 1461 2375 traui—

109 2386 180 2422 bus
201 2386 264 2431 Αμ
362 2388 408 2421 de
433 2387 592 2433 uimine]
622 2387 799 2423 diuimine
828 2389 876 2422 M
