1638 2620
664 101 743 137 Lib.
770 101 796 144 1,
823 105 855 136 4.
883 104 914 136 5.
1444 99 1469 141 9

127 203 279 253 patiens
313 207 413 253 erat,
450 201 492 238 in
524 202 664 239 castris
697 212 768 251 per
799 199 974 238 laborem
1006 211 1122 237 usum
1154 198 1314 237 militiae
1348 198 1471 237 disce—

127 257 219 300 bat'.
276 259 413 298 Melius
458 259 562 297 enim
608 264 684 311 est,
728 264 773 297 ut
811 259 1048 296 exercitatus
1090 259 1247 296 iuuenis
1286 264 1472 296 causetur

128 324 293 358 aetatem
320 317 495 356 nondum
520 317 728 356 aduenisse
755 316 965 369 pugnandi,
999 329 1114 367 quam
1141 316 1269 355 doleat
1299 322 1472 366 praeter-

127 379 217 416 isse.
285 376 433 415 Habeat
477 377 593 414 etiam
639 378 806 427 spatium
854 377 1039 414 uniuersa
1083 375 1271 414 discendi.
1336 374 1472 425 Neque

128 438 232 475 enim
264 447 384 487 parua
417 439 484 473 aut
514 434 614 473 leuis
647 447 711 473 ars
736 435 918 473 uideatur
945 446 1161 486 armorum,
1189 436 1273 472 siue
1301 435 1473 485 equitem
1492 441 1508 465 5

129 497 213 544 siue
256 494 429 545 peditem
474 494 718 544 sagittarium
763 493 862 532 ueliS
912 492 1077 531 inbuere
1129 495 1212 531 siue
1264 497 1474 542 scutatum,

129 560 349 592 armaturae
388 564 575 590 numeros
615 564 751 590 omnes
789 564 1005 602 omnesque
1044 559 1179 602 gestus
1220 552 1381 602 docere,
1425 563 1473 589 ne

127 612 258 651 locum
291 612 466 662 deserat,
498 623 546 649 ne
580 611 739 649 ordines
772 610 922 658 turbet,
956 616 999 648 ut
1032 611 1177 648 missile
1209 616 1248 649 et
1280 611 1474 649 destinato

127 673 210 710 ictu
248 676 283 709 et
324 671 474 721 magnis
514 669 664 708 viribus
703 671 837 718 iaciat,
881 675 926 707 ut
964 669 1107 706 fossam
1149 669 1313 722 ducere,
1358 670 1475 707 sudes

128 732 303 769 scienter
334 730 454 780 figere
487 730 656 780 nouerit,
689 735 856 766 tractare
885 733 1040 766 scutum
1069 732 1108 765 et
1134 727 1302 778 obliquis
1332 728 1474 768 ictibus
1496 735 1529 759 10

128 789 328 827 uenientia
354 787 431 826 tela
457 786 680 839 deflectere,
706 787 856 838 plagam
882 786 1101 837 prudenter
1126 787 1264 838 uitare,
1291 786 1476 825 audacter

129 847 289 886 inferre.
351 846 451 884 Huic
490 845 620 884 taliter
658 847 839 884 instituto
883 846 1003 884 tironi
1047 857 1222 895 pugnare
1265 844 1476 884 aduersum

131 905 326 957 quoslibet
357 905 492 943 hostes
524 906 563 942 in
597 906 679 943 acie
712 904 881 943 formido
915 916 993 942 non
1027 905 1102 942 erit
1135 903 1201 941 sed
1235 903 1428 955 uoluptas.

245 963 287 1002 V.
313 964 597 1002 Proceritatem
618 965 791 1002 tironum
812 963 857 1001 ad
879 964 1114 1001 incommam
1132 964 1213 1000 scio
1235 974 1334 1000 sem—
1352 989 1408 1013 Qua
1422 990 1521 1008 smum
1537 988 1618 1008 iunio-

127 1036 198 1075 per
214 1029 400 1074 exactam,
414 1024 467 1060 ita
483 1028 527 1060 ut
540 1032 586 1061 VI
606 1022 750 1072 pedum
770 1021 834 1060 uel
856 1028 963 1060 certe
977 1031 1007 1060 V
1022 1027 1060 1059 et
1078 1031 1108 1059 X
1130 1023 1336 1060 unciarum
1350 1024 1392 1038 ¹⁶³
1414 1018 1540 1043 Pf⁰¹³³¹¹²d³
1558 1018 1618 1038 ΞΜ

127 1085 231 1121 inter
253 1082 376 1120 alares
404 1083 556 1131 equites
576 1081 648 1119 uel
673 1083 713 1119 in
741 1082 878 1131 primis
904 1080 1104 1131 legionum
1132 1079 1362 1118 cohortibus
1389 1092 1477 1130 pro-

129 1141 330 1180 barentur.
394 1139 471 1178 Sed
516 1146 609 1178 tunc
652 1146 736 1178 erat
780 1139 944 1190 amplior
988 1139 1216 1187 multitudo,
1263 1145 1300 1177 et
1344 1138 1478 1188 plures

128 1200 307 1238 militiam
341 1198 609 1249 sequebantur
642 1205 847 1250 armatam3
886 1198 1055 1237 necdum
1089 1200 1193 1236 enim
1227 1196 1354 1236 ciuilis
1387 1209 1478 1248 pars

128 1259 399 1297 florentiorem
443 1257 662 1296 abducebat
705 1259 966 1296 iuuentutem.
1041 1257 1081 1295 Si
1127 1269 1219 1307 ergo
1265 1258 1479 1294 necessitas

129 1319 265 1369 exigit,
304 1329 381 1354 non
423 1323 501 1354 tam
535 1322 708 1355 staturae
740 1318 933 1354 rationem
967 1317 1153 1354 conuenit
1185 1314 1329 1353 habere
1363 1327 1477 1365 quam
1499 1324 1532 1348 20

152 1431 197 1465 V.
224 1431 264 1464 L.
363 1430 504 1464 -borum
528 1430 570 1463 in
595 1430 734 1470 fabulis
759 1429 895 1473 Eurip.
921 1430 1058 1464 (Bonn.
1086 1432 1200 1471 1365)
1229 1429 1387 1471 adiecta)

130 1482 150 1512 5
177 1477 325 1512 uidetur
351 1477 433 1511 εὸΡ
532 1481 552 1510 6
579 1475 811 1520 sagittarium
839 1475 951 1521 uelis]
973 1477 1050 1509 AH
1081 1476 1103 1509 s.
1131 1475 1241 1509 uenis
1259 1476 1307 1509 M
1330 1475 1353 1510 s.
1376 1474 1485 1509 bellis

133 1524 257 1570 QPlV
280 1524 559 1569 sagittariumue
586 1523 681 1557 uelis
696 1523 735 1557 D
793 1523 971 1566 imbuere,
997 1523 1070 1557 siue
1098 1523 1280 1557 tentatum
1306 1533 1337 1556 a.
1359 1523 1479 1566 uulgjo.

186 1593 191 1597 -
226 1576 244 1606 7
271 1571 445 1605 numeros
477 1570 640 1616 [omnes]
671 1583 686 1604 ε
810 1575 829 1604 9
856 1569 1080 1604 destinatum
1111 1570 1228 1603 ictum
1263 1570 1332 1614 [et]
1357 1569 1386 1613 Q

134 1624 175 1653 11
202 1617 439 1654 uenientibus
461 1618 507 1652 ad
534 1619 556 1651 ὃ
655 1621 697 1651 12
725 1617 897 1652 aduersus
923 1619 960 1651 π’
1061 1621 1103 1651 13
1130 1617 1216 1662 erit]
1245 1616 1298 1651 est
1323 1617 1386 1660 μΡ

226 1677 309 1713 CAP.
324 1677 368 1711 V.
411 1681 453 1710 14
468 1677 516 1711 ad
536 1677 721 1711 ineomam
735 1676 798 1721 ,Αμ
819 1677 865 1710 ad
878 1677 1024 1711 incoma
1039 1679 1075 1710 H
1096 1676 1142 1710 ad
1157 1675 1394 1710 incommoda
1411 1674 1484 1709 GP

132 1736 154 1759 a
184 1725 281 1760 &sule
316 1724 433 1758 mario
461 1725 483 1757 ὃ
520 1724 754 1758 commodam
782 1724 990 1758 Palmerius
1016 1724 1231 1757 Steweclzius
1262 1723 1309 1757 ad
1343 1733 1481 1756 Incom-

130 1774 233 1807 mata
250 1772 411 1806 Oudend.
434 1770 465 1805 ΙΙΙ
476 1769 501 1804 C
524 1772 561 1814 (i.
577 1782 602 1806 e.
624 1769 737 1805 ‘crium
752 1770 974 1814 cubitorum)
992 1770 1171 1805 Gltorierz'i
1184 1771 1260 1804 cod.
1275 1770 1319 1812 cf.
1331 1769 1481 1804 Fabric.

131 1820 214 1854 bibl.
243 1820 305 1854 lat.
333 1818 416 1852 HI
438 1830 476 1862 p.
504 1821 574 1853 175
682 1822 722 1852 15
750 1817 800 1851 VI
827 1818 962 1862 pedum
990 1831 1023 1851 u.
1052 1829 1081 1852 c.
1108 1817 1140 1851 V
1169 1819 1205 1852 et
1231 1817 1263 1850 X
1289 1817 1483 1850 unciarum

130 1866 345 1902 Steweehius
371 1865 476 1900 senos
496 1865 611 1910 pedes
632 1878 666 1899 u.
694 1876 722 1899 c.
757 1865 889 1909 quinos
917 1867 955 1899 et
986 1865 1103 1899 denas
1124 1863 1252 1898 uncias
1274 1864 1355 1898 εδΡ
1395 1863 1417 1897 f.
1446 1876 1481 1907 p.

130 1925 165 1948 u.
193 1924 222 1949 c.
240 1926 274 1957 q.
297 1925 326 1949 e.
354 1913 387 1947 d.
410 1925 443 1946 u.
468 1912 649 1947 habentes
670 1914 708 1946 H
732 1913 842 1957 uulyo
862 1913 912 1946 VI
939 1912 1054 1957 pedes
1076 1925 1109 1947 u.
1132 1924 1161 1945 c.
1183 1912 1214 1945 V
1235 1912 1273 1945 et
1292 1911 1325 1944 X
1351 1911 1481 1944 unciae

9 1963 10 1973 ³
66 1979 70 1982 ·
134 1961 295 1995 Oudend.
384 1963 425 1994 18
453 1959 626 1994 militiem
653 1961 687 1993 A
775 1960 990 2005 [armatam]
1019 1961 1057 1993 H
1143 1963 1183 1992 19
1211 1958 1421 1992 abducebat
1446 1959 1485 1991 H

131 2007 283 2042 Fo'rster
302 2007 509 2042 abduxerat
534 2007 758 2041 Korttianus
780 2010 818 2049 2,
844 2006 1134 2050 Oudemlorpz'us,
1162 2006 1399 2040 Schwebelius
1419 2004 1482 2038 ad-

132 2054 287 2089 duxerat
301 2054 382 2088 εδΡ
450 2054 478 2087 si
505 2065 592 2098 ergo
620 2066 653 2089 n.
681 2052 797 2097 exigit
824 2054 1004 2098 (exegerit
1024 2054 1060 2098 ὃ)
1087 2065 1159 2087 non
1186 2055 1212 2088 t.
1233 2052 1274 2086 st.
1301 2052 1483 2086 rationem

131 2102 476 2183 {Ossuenitssabere
502 2101 538 2135 π’
573 2100 632 2146 [fi]
667 2111 755 2145 ergo
787 2113 821 2135 n.
849 2100 965 2145 exigit
989 2112 1063 2135 non
1089 2102 1115 2134 t.
1144 2100 1183 2133 st.
1211 2112 1237 2135 r.
1274 2098 1480 2144 [conuenit]

160 2160 181 2182 a
210 2160 269 2183 ere
296 2161 311 2183 ε

160 2243 194 2278 S.
215 2242 258 2277 L.
309 2247 329 2277 8
354 2243 498 2288 turbet]
520 2243 637 2277 turbit
656 2244 704 2287 Α1
784 2241 959 2276 distinato
979 2242 1032 2276 Α1
1106 2245 1125 2275 9
1146 2240 1271 2285 iaciat]
1292 2240 1414 2275 iaceat
1429 2240 1478 2284 Al

235 2294 275 2324 11
304 2290 515 2334 deflectere]
544 2289 728 2325 defecbere
752 2290 800 2323 M
872 2293 914 2323 12
941 2288 1068 2333 tironi]
1097 2288 1215 2322 tirone
1235 2289 1378 2331 (tyrone
1394 2286 1444 2331 α’)
1460 2300 1483 2320 α

233 2341 274 2371 13
300 2336 339 2371 in
366 2335 468 2371 aciae
496 2337 545 2371 M
639 2336 720 2371 CAP.
747 2336 790 2370 V.
844 2340 886 2370 16
912 2336 950 2370 in
976 2335 1122 2380 primis]
1148 2334 1320 2379 inprimis
1341 2336 1380 2368 H
