1638 2620
651 133 732 168 Lib.
757 132 802 177 ΙΙ,
829 137 862 168 7.
1374 134 1427 174 41

89 233 158 283 qui
183 232 230 271 ab
250 232 425 282 Augusto
453 231 660 270 ordinariis
686 232 812 270 iuncti
838 236 940 270 sunt.
985 230 1177 270 Flauiales
1203 233 1309 283 item,
1336 238 1431 270 tam-

89 303 205 342 quam
237 289 400 329 secundi
432 290 676 342 Augustales,
710 302 729 328 a
762 290 853 328 diuo
880 289 1116 341 Vespasiano
1149 296 1242 329 sunt
1273 290 1432 341 legioni-

87 350 162 389 bus
194 349 324 388 additi.
356 348 562 399 Aquiliferi
594 350 661 399 qui
692 349 860 400 aquilam
892 354 1060 400 portant.
1111 349 1333 399 Imaginarii
1365 352 1433 400 qui

86 409 336 460 imperatoris
360 408 550 458 imagines
577 407 718 446 ferunt.
767 407 956 459 Optiones
983 407 1029 446 ab
1057 408 1275 459 adoptando
1303 408 1431 459 appel—

87 467 171 519 lati,
211 466 314 517 quod
355 465 679 505 antecedentibus
718 467 962 517 aegritudine
994 467 1233 518 praepeditis
1265 466 1305 505 hi
1338 473 1432 505 tam·
1453 478 1469 503 5

89 538 204 577 quam
232 525 403 576 adoptati
430 537 567 563 eorum
594 529 710 575 atque
737 526 877 563 uicarii
909 525 1037 564 solent
1068 527 1255 564 uniuersa
1282 538 1432 565 curare.

90 585 274 636 Signiferi
307 585 374 635 qui
407 585 515 634 signa
541 588 710 635 portant,
744 596 843 634 quos
869 596 974 622 nunc
1001 585 1251 623 draconarios
1279 590 1433 624 uocant.

86 643 304 682 Tesserarii
338 644 404 694 qui
437 648 624 681 tesseram
652 654 723 693 per
750 642 1007 681 contubernia
1039 643 1205 682 militum
1234 645 1432 695 nuntiant3

87 710 236 741 tessera
263 707 393 741 autem
420 701 564 742 dicitur
589 707 845 752 praeceptum
866 701 989 754 ducis,
1016 714 1092 753 quo
1119 702 1184 741 uel
1209 702 1255 740 ad
1277 702 1433 754 aliquod

86 773 185 813 opus
225 761 286 799 uel
326 760 373 798 ad
411 759 557 798 bellum
596 765 780 798 mouetur
813 761 1021 799 exercitus.
1079 761 1321 812 Campigeni‚
1359 761 1433 800 hoc
1455 773 1489 798 10

86 825 147 858 est
173 820 429 870 antesignani,
461 819 549 857 ideo
577 820 633 857 sic
660 820 859 870 nominati,
893 821 982 870 quia
1008 831 1146 858 eornm
1173 832 1291 871 opera
1317 826 1434 871 atque

90 880 237 918 uirtute
278 879 455 916 exercitii
493 889 618 928 genus
658 879 803 916 crescit
839 879 878 916 in
918 890 1066 930 campo.
1123 878 1333 917 Metatores
1367 881 1435 930 qui

88 937 370 989 praecedentes
402 936 530 975 locum
565 936 714 987 eligunt
746 938 895 975 castris.
944 936 1191 975 Beneficiarii
1217 937 1263 975 ab
1291 950 1336 976 eo
1370 950 1433 989 ap-

87 996 232 1048 pellati,
266 995 369 1047 qnod
402 1002 690 1046 promouentur
722 995 912 1034 beneficio
945 995 1208 1035 tribunorum.
1265 996 1435 1034 Librarii

87 1055 132 1093 ab
167 1067 230 1106 eo,
270 1054 374 1106 quod
416 1056 456 1092 in
488 1054 609 1092 libros
641 1055 822 1093 referunt
853 1056 1026 1093 rationes
1058 1055 1105 1093 ad
1138 1054 1282 1093 milites
1315 1057 1432 1106 perti·
1456 1068 1488 1092 15

87 1120 237 1153 nentes.
294 1113 505 1152 Tubicines
539 1114 759 1152 cornicines
792 1119 831 1153 et
862 1113 1114 1152 bucinatores
1147 1115 1214 1165 qui
1247 1113 1339 1153 tuba
1372 1114 1436 1152 uel

88 1185 177 1211 aere
205 1185 329 1212 curuo
360 1172 424 1211 uel
450 1172 592 1211 bucina
620 1174 864 1211 committere
891 1172 1086 1223 proelium
1114 1173 1251 1211 solent.
1301 1173 1434 1211 Arma-

87 1238 198 1270 turae
232 1231 414 1282 duplares
448 1233 515 1282 qui
546 1231 658 1270 binas
697 1239 962 1270 consecuntur
1001 1244 1191 1282 annonas,
1231 1231 1435 1282 simplares

110 1357 153 1393 V.
180 1356 221 1391 L.
272 1357 295 1391 i
318 1357 339 1390 l.
362 1367 408 1392 er
437 1368 460 1390 (ι
479 1358 521 1399 2)
547 1356 635 1400 qnia
660 1356 771 1401 primi
796 1356 879 1391 sunt
899 1358 939 1390 H
960 1356 1099 1401 primos
1114 1356 1173 1390 111)
1197 1357 1296 1402 uuly.
1323 1356 1435 1400 primi

87 1404 169 1438 sunt
205 1405 243 1439 et
281 1403 374 1438 Giss.
419 1403 643 1438 Korttiwnus
678 1407 703 1439 2
747 1414 821 1447 qua
858 1404 967 1456 primi
1009 1403 1090 1438 sunt
1130 1403 1292 1439 Oudend
1334 1404 1437 1457 [quia

85 1451 197 1495 primi
228 1450 325 1496 sunt]
365 1449 476 1503 Lfmq
512 1450 662 1485 FOUrsteo
792 1455 808 1484 1
844 1451 931 1494 quia
963 1452 1002 1484 Π
1120 1455 1140 1484 3
1173 1450 1385 1495 imaginarii
1417 1463 1433 1485 ε

86 1497 313 1543 imaginiferi
339 1500 378 1531 Π
400 1497 613 1542 imaginarii
639 1498 700 1532 uel
725 1497 950 1542 imaginiferi
977 1497 1040 1531 ὃΡ
1066 1497 1228 1532 Oudeml.
1341 1502 1363 1532 4
1389 1498 1436 1532 ab

87 1546 249 1590 optando
277 1545 340 1579 δΡ
442 1547 462 1578 5
489 1545 603 1590 quod]
632 1544 696 1597 (1111
722 1545 767 1590 G-
870 1546 1004 1590 [antee.
1034 1565 1073 1570 —
1102 1545 1294 1598 praepeti]
1323 1548 1341 1579 λ

88 1598 108 1627 6
135 1592 306 1637 adoptati
340 1603 420 1626 cum
455 1602 581 1626 eorum
613 1591 754 1626 uicario
781 1595 799 1625 λ
834 1594 892 1626 ad.
927 1603 993 1626 eeu
1021 1603 1092 1627 eor.
1120 1591 1252 1626 uicarii
1278 1592 1434 1626 Ser-tue».

183 1650 380 1684 proculare
407 1640 448 1673 ὂλ
559 1643 579 1674 8
605 1639 794 1684 tesseram]
821 1639 952 1674 tessera
979 1638 1011 1672 (ι’
1039 1639 1192 1673 tesseras
1212 1639 1436 1673 Korttz'anus

88 1690 112 1722 2
140 1686 221 1721 Otto
246 1686 402 1720 tessaras
418 1686 513 1721 Giss.
612 1690 632 1720 9
660 1686 811 1731 aliquod
837 1699 860 1721 z.
891 1688 912 1721 l.
940 1698 986 1722 er.
1016 1687 1147 1730 (subest
1173 1686 1300 1731 bellu),
1327 1687 1387 1721 sed
1412 1686 1435 1720 d

88 1746 111 1769 α
137 1738 161 1769 2
190 1735 315 1768 adiect.
344 1735 383 1766 H
492 1737 533 1767 10
561 1733 787 1778 campigenii
811 1734 849 1768 π’
963 1738 1001 1767 11
1031 1733 1262 1773 antesignani
1288 1735 1327 1767 H
1349 1734 1435 1768 ante

87 1781 191 1826 signa
217 1782 251 1815 α’
288 1783 372 1815 ante
400 1780 540 1824 signnm
572 1779 669 1826 Cr'2P]l
713 1785 798 1815 ante
825 1780 930 1826 signa
955 1781 1024 1825 2632
1053 1780 1291 1825 antesignarii
1319 1782 1341 1814 δ

89 1832 132 1863 12
158 1828 296 1863 uirtute
323 1828 490 1862 exercitii
516 1828 633 1872 genus
660 1828 835 1874 ΑΠΗΝΗ.
862 1840 914 1863 ex.
942 1828 1074 1872 genius
1102 1828 1135 1861 V
1157 1827 1316 1862 uirtutes
1337 1838 1435 1861 exer-

89 1875 181 1911 citui
208 1875 338 1920 gennis
350 1876 397 1909 M
420 1875 559 1909 uirtute
581 1875 759 1910 exercitui
783 1875 919 1920 Ingens
941 1875 998 1909 uis
1023 1875 1056 1909 G
1078 1875 1241 1909 Omleml.
1280 1874 1441 1909 uirtutes

90 1922 273 1957 exereitus
293 1922 412 1967 genus
433 1922 491 1956 21³
515 1921 654 1956 uirtute
682 1923 856 1957 exercitui
882 1921 1015 1967 uigens
1036 1922 1094 1956 uis
1116 1922 1300 1956 Schwebel.
1397 1921 1436 1956 in

90 1981 221 2014 campo
246 1972 333 2005 met.
362 1983 386 2003 α
414 1970 473 2015 [L]
502 1980 530 2004 c.
558 1981 604 2003 m.
632 1972 650 2003 λ
747 1969 973 2005 mercatores
994 1972 1033 2003 H
1138 1973 1180 2003 13
1211 1968 1372 2014 [castris]
1399 1971 1439 2002 H

185 2017 526 2108 isspssjffsenffiffn
566 2016 752 2098 151711ἓὲ18
761 2017 1056 2099 ὃὲζωοϊῗθὲἓῗὲ
1082 2016 1436 2107 AEtssssos‘iizffissssess

91 2122 202 2146 cornu
224 2111 257 2146 G
286 2111 446 2145 Oudeml.
524 2115 567 2145 18
595 2111 658 2154 (1111
683 2111 790 2145 binas
810 2132 856 2137 —
883 2110 947 2156 qui
973 2110 1138 2156 singulas
1160 2112 1199 2144 H
1222 2110 1310 2154 quia
1335 2111 1368 2144 b.
1392 2131 1434 2135 —

91 2157 179 2202 quia
204 2158 295 2203 sing.
322 2157 492 2203 (singulis
514 2159 550 2201 δ)
578 2158 659 2192 &dP
689 2169 784 2202 quae
809 2158 845 2194 b.
873 2180 915 2184 —
944 2169 1035 2202 quae
1063 2158 1085 2192 s.
1113 2159 1223 2202 uulgo

113 2276 148 2310 S.
175 2276 215 2312 L.
266 2281 286 2311 2
311 2275 525 2321 uespasiono
551 2277 600 2322 Al
680 2280 699 2311 3
725 2275 927 2322 aquiliferi]
954 2274 1151 2319 aquilifero
1179 2275 1213 2309 α’
1289 2278 1309 2309 5
1329 2285 1436 2319 prae-

88 2322 244 2369 peditis]
271 2323 495 2368 praeperitis
516 2324 549 2357 α’
660 2323 715 2357 1111
739 2325 787 2368 Al
909 2327 928 2358 8
957 2322 1211 2367 contubernia]
1241 2323 1435 2357 contuber-

90 2370 192 2405 niam
218 2373 255 2404 H
311 2375 330 2405 9
356 2371 505 2417 tessera]
532 2371 642 2406 tesser
667 2384 691 2415 μ
752 2375 794 2405 17
822 2369 1070 2415 committere]
1099 2369 1371 2404 committerere
1393 2369 1442 2403 M
