1638 2620
157 103 214 145 22
723 105 803 140 Lib.
830 104 856 149 Ι,
883 109 938 141 20.

158 215 246 242 nam
280 203 372 250 licct
409 204 586 255 exemplo
621 203 837 243 Gothorum
877 210 916 243 et
946 204 1158 244 Alanorum
1191 204 1504 257 Hunnorumque

158 263 336 313 equitum
375 275 481 301 arma
520 263 779 315 profecerint,
818 263 971 313 pedites
1009 271 1163 303 constat
1200 277 1286 303 esse
1325 264 1504 303 nudatos.

157 320 216 359 Ab
249 321 346 360 urbe
380 323 484 360 enim
518 321 673 360 condita
706 334 831 372 usque
871 322 917 360 ad
957 328 1113 373 tempus
1145 323 1228 362 diui
1260 323 1434 362 Gratiani
1466 329 1505 363 et

158 381 380 419 catafractis
413 387 452 419 et
484 380 604 431 galeis
643 380 894 419 muniebatur
932 381 1127 432 pedestris
1167 379 1375 421 exercitus.
1427 382 1505 421 Sed

121 448 137 473 5
159 451 249 477 cum
287 441 519 490 campestris
558 441 787 478 exercitatio
825 441 1116 479 interueniente
1156 441 1400 492 neglegentia
1439 441 1503 479 de-

103 743 137 768 10

101 1334 135 1359 20

158 498 334 549 sidiaque
361 504 553 550 cessaret,
579 500 714 549 grauia
741 498 867 537 uideri
894 511 1001 538 arma
1028 506 1262 551 coeperunt,
1290 512 1388 551 quae
1415 511 1505 538 raro

157 556 302 595 milites
334 557 566 609 induebant3
606 558 738 608 itaque
777 557 824 596 ab
867 559 1104 609 imperatore
1143 559 1342 609 postulant
1377 560 1504 609 primo

157 616 400 667 catafractas,
427 616 568 654 deinde
596 617 768 655 cassides
789 614 967 666 †sedere
988 617 1212 656 refundere.
1253 617 1317 656 Sic
1338 617 1504 656 detectis

155 675 384 725 pectoribus
429 681 468 714 et
506 675 700 726 capitibus
744 677 947 726 congressi
986 680 1121 714 contra
1167 676 1315 715 Gothos
1360 676 1504 714 milites

157 735 282 772 nostri
322 734 574 772 multitudine
617 736 908 785 sagittariorum
954 746 1069 785 saepe
1111 735 1230 774 deleti
1272 740 1380 787 sunt3
1432 747 1504 774 nec

155 799 246 843 post
279 799 336 831 tot
368 793 516 845 clades,
550 805 648 844 quae
683 806 807 844 usque
840 793 886 831 ad
926 799 1122 832 tantarum
1166 794 1323 833 urbium
1354 793 1505 833 excidia

155 859 439 904 peruenerunt,
467 854 650 903 cuiquam
678 865 796 891 curae
830 853 903 890 fuit
935 852 998 890 uel
1026 853 1254 891 catafractas
1287 852 1351 891 uel
1376 852 1504 903 galeas

155 911 408 962 pedestribus
435 911 614 950 reddere.
664 911 720 950 Ita
746 912 806 963 fit,
833 917 877 949 ut
909 923 986 949 non
1012 911 1060 949 de
1087 924 1216 963 pugna
1244 912 1311 950 sed
1339 912 1387 950 de
1414 913 1503 962 fuga

157 972 330 1020 cogitent
369 972 438 1021 qui
476 972 515 1008 in
554 972 636 1009 acie
677 970 773 1009 nudi
808 976 1062 1021 exponuntur
1094 971 1140 1009 ad
1173 971 1345 1010 vulnera.
1402 969 1503 1015 Quid

121 1038 136 1063 5
158 1030 260 1067 enim
293 1029 414 1080 pedes
442 1031 667 1080 sagittarius
696 1031 778 1068 sine
806 1030 1033 1080 catafracta,
1060 1031 1144 1068 sine
1171 1029 1295 1081 galea,
1322 1031 1387 1080 qui
1414 1030 1504 1068 cuni

156 1100 250 1126 arcu
271 1094 427 1127 scutum
448 1095 583 1127 tenere
612 1101 688 1127 non
716 1093 857 1141 potest,
881 1086 1026 1127 faciat?
1059 1088 1160 1133 Quid
1180 1090 1257 1140 ipsi
1283 1088 1504 1127 draconarii

156 1153 274 1198 atque
314 1147 508 1199 signiferi,
555 1149 621 1198 qui
660 1149 819 1186 sinistra
857 1159 975 1185 manu
1013 1147 1144 1185 hastas
1183 1147 1424 1198 gubernant,
1463 1148 1503 1185 in

154 1206 305 1257 proelio
332 1207 494 1258 facient,
523 1219 690 1257 quorum
718 1212 757 1245 et
784 1208 907 1256 capita
931 1206 1033 1244 nuda
1054 1212 1236 1245 constant
1255 1211 1294 1245 et
1314 1203 1503 1257 pectora?

157 1264 233 1303 Sed
260 1267 393 1316 grauis
421 1266 542 1316 pediti
569 1265 689 1303 lorica
719 1265 876 1304 uidetur
897 1271 935 1303 et
956 1264 1063 1315 galea
1084 1266 1251 1304 fortasse
1273 1277 1361 1303 raro
1382 1264 1503 1303 medi-

155 1326 270 1376 tanti,
310 1325 475 1363 fortasse
521 1336 626 1363 arma
672 1337 761 1362 raro
810 1325 1013 1376 tractanti,
1065 1330 1240 1363 ceterum
1281 1323 1502 1362 cotidianus

176 1437 220 1471 V.
248 1438 288 1472 L.
377 1437 458 1473 Cap,
486 1437 564 1471 XX.
662 1442 678 1471 1
707 1437 931 1472 halanorum·
950 1437 982 1470 V
1061 1437 1269 1472 honnorum
1295 1437 1344 1471 M
1366 1437 1502 1472 chuno-

153 1496 234 1519 rum
260 1486 307 1519 A'
341 1485 524 1519 hunorum
559 1484 669 1530 QDP
698 1485 944 1519 huinnnorum
984 1484 1019 1518 V
1131 1489 1150 1519 6
1182 1485 1282 1530 raro]
1315 1496 1398 1519 raro
1430 1483 1503 1519 uti-

155 1544 225 1576 que
251 1532 288 1567 P
303 1534 409 1577 prob.
440 1532 601 1567 Oucleml
681 1532 886 1577 postulant]
918 1532 967 1573 Ο,-
993 1532 1151 1567 Seriuer.
1178 1535 1350 1566 memorat
1373 1532 1504 1567 uarias

154 1580 318 1615 lectiones
343 1579 582 1624 postulabant
608 1583 640 1613 et
665 1579 894 1624 postulatum
1046 1584 1066 1614 8
1093 1578 1217 1614 federe
1244 1578 1441 1614 refundere
1467 1579 1502 1613 A

153 1626 278 1661 sedere
297 1627 451 1687 fundere
473 1627 550 1661 MG
578 1627 611 1660 se
633 1627 817 1671 deponere
836 1626 912 1671 ΟΡ,
941 1627 1039 1661 (inl
1062 1638 1110 1661 ei.
1137 1627 1281 1663 latiore)
1306 1626 1340 1661 se
1368 1625 1502 1661 debere

152 1673 305 1708 fundere
335 1688 362 1708 π
400 1678 431 1709 et
455 1675 513 1717 sm
516 1678 607 1708 tasse
633 1675 676 1719 Pl
709 1684 886 1718 reponeie
912 1674 994 1708 Bao
997 1674 1143 1708 hermus
1167 1666 1363 1708 refundere
1390 1675 1505 1718 (ante-

154 1722 293 1756 cedente
318 1721 559 1766 postulatum)
586 1721 770 1756 Schwebel.
798 1721 881 1755 fede
909 1731 1087 1766 reponere
1118 1720 1279 1756 Oudend.
1307 1721 1370 1765 qui
1395 1722 1503 1755 etiam

153 1769 195 1803 de
215 1768 376 1803 cassides
399 1769 443 1803 de
464 1780 547 1803 aeie
568 1769 762 1803 refundere
791 1769 967 1813 coyitauit
987 1768 1021 1803 fe
1042 1768 1175 1803 debere
1201 1767 1397 1802 refundere
1423 1767 1504 1802 Octo

153 1815 288 1850 debere
315 1817 385 1860 (uel
411 1816 554 1860 decere)
581 1815 727 1850 refundi
753 1816 800 1851 E.
836 1816 1007 1858 lVo'IffIin
1082 1821 1123 1850 15
1149 1815 1331 1860 pedestris
1352 1814 1426 1859 sag.
1449 1815 1509 1849 δΡ

227 1867 268 1897 18
295 1863 435 1898 faciant
454 1863 515 1897 Aa
589 1863 736 1902 constat,
756 1863 827 1908 αᾪ
852 1863 1021 1898 constant
1045 1863 1145 1897 nuda
1171 1865 1208 1897 et
1233 1873 1377 1907 pecora.
1431 1862 1505 1896 Sed

154 1910 236 1955 gra]
271 1912 325 1945 'ita
357 1911 488 1945 desinit
528 1910 561 1944 V
589 1911 650 1953 fol.
685 1914 727 1952 6;
761 1921 909 1954 sequens
940 1911 999 1953 fol.
1033 1911 1176 1944 eoeeidit.
1285 1913 1329 1944 20
1355 1909 1503 1943 fortasse

153 1969 235 1992 raro
255 1957 455 1992 meditanti
473 1957 623 1991 fortasse
643 1968 746 1992 arma
766 1969 848 1992 raro
871 1960 965 2001 (raro
986 1959 1153 2000 armaH)
1168 1956 1345 1992 tractanti
1358 1957 1507 1991 AGPH

152 2005 176 2038 f.
203 2016 230 2039 r.
258 2017 306 2039 m.
332 2006 356 2041 f.
383 2016 466 2040 raro
493 2016 596 2039 arma
621 2004 801 2040 tractanti
828 2004 865 2049 (i.
886 2006 928 2039 in
953 2005 975 2040 Ζ.
999 2015 1045 2040 er.
1070 2005 1113 2050 Q)
1141 2018 1164 2049 μ
1191 2005 1213 2039 f.
1240 2014 1322 2038 raro
1350 2014 1382 2040 a.
1408 2005 1503 2038 trac-

152 2052 248 2087 tanti
273 2052 297 2087 f.
325 2063 407 2087 raro
433 2051 633 2087 meditanti
657 2052 696 2086 D

179 2157 211 2192 S.
240 2159 279 2192 L.
357 2162 373 2192 1
402 2159 629 2203 ghothorum
654 2158 700 2192 A'
791 2162 810 2192 2
838 2157 1078 2203 profecerint]
1108 2157 1321 2202 proficerint
1345 2157 1407 2202 Αμ

153 2208 175 2238 4
203 2205 432 2252 catafractif]
462 2206 587 2241 arta-fr.
617 2206 665 2240 Μ
762 2210 781 2240 5
808 2204 1039 2250 negligentia
1065 2204 1109 2239 A'
1195 2210 1214 2240 6
1242 2205 1441 2249 caeperunt
1467 2205 1507 2237 H

226 2257 244 2286 7
272 2253 334 2298 ab]
363 2253 411 2288 ad
438 2254 473 2287 A
556 2258 596 2287 11
626 2251 786 2298 excidia]
815 2254 852 2287 et
877 2252 1021 2286 excidia
1045 2255 1093 2297 A,
1179 2256 1220 2286 12
1249 2251 1438 2296 cuiquam]
1467 2253 1503 2285 et

153 2299 325 2343 cuiquam
352 2314 376 2334 cc
464 2304 507 2334 14
534 2299 716 2345 cogitent]
745 2299 915 2344 cogitant
942 2300 988 2344 A1
1083 2304 1124 2333 16
1153 2299 1254 2344 arcu]
1282 2302 1369 2334 arcfi
1396 2300 1436 2332 H

152 2346 310 2393 scutum]
339 2348 439 2382 fcutu
466 2349 515 2382 M
610 2352 650 2382 18
678 2346 819 2391 praelio
846 2348 885 2380 H
979 2350 1022 2381 ‘20
1050 2346 1274 2381 cottidianus
1297 2347 1344 2380 M
