1638 2620
149 855 182 880 10

203 108 285 149 128
797 108 854 144 Pr.
880 108 959 143 IIII.

343 208 444 246 XLI.
478 209 537 247 De
568 208 843 258 prognosticis.

323 267 444 305 XLII.
477 268 536 305 De
568 267 805 318 aestuariis,
832 267 904 305 hoe
936 269 997 306 est
1029 268 1076 306 de
1107 269 1323 307 rheumate.

301 326 446 364 XLIII.
479 327 536 364 De
568 327 744 365 locorum
774 326 920 364 notitia
951 326 1035 365 siue
1066 327 1296 377 remigibus.

280 385 446 423 XLIIII.
478 385 537 422 De
569 385 660 423 telis
691 385 979 434 tormentisque
1010 386 1234 426 naualibus.

328 444 446 481 XLV.
482 444 822 489 Quemadmodum
835 444 969 482 nauali
988 445 1093 484 bello
1115 446 1357 485 collocentur
1371 445 1548 485 insidiae.

306 503 446 540 XLVI.
481 503 583 548 Quid
620 503 709 554 fiat,
752 516 841 541 eum
884 506 1021 553 aperto
1054 504 1184 543 Marte
1215 505 1366 543 bellum
1405 506 1548 544 nauale

543 560 836 611 committitur]

318 727 525 778 Agrestem
551 726 819 777 incultamque
840 726 1043 766 hominum
1064 728 1104 765 in
1126 729 1237 766 initio
1260 727 1406 767 saeculi
1427 729 1548 767 uitam

201 798 221 824 a
255 787 532 824 communione
569 791 772 824 mutorum
811 785 1037 825 animalium
1077 786 1141 825 uel
1183 787 1355 826 ferarum
1389 787 1548 826 urbium

202 846 432 884 constitutio
460 846 586 896 prima
614 844 816 883 discreuit.
867 844 911 884 In
937 845 998 883 his
1025 858 1168 884 nomen
1195 845 1435 898 reipublicae
1462 859 1550 898 rep-

201 906 305 955 perit
343 905 564 942 communis
605 903 766 942 utilitas.
823 903 914 942 Ideo
953 906 1253 955 potentissimae
1293 907 1473 944 nationes
1506 917 1549 944 ac

201 964 401 1014 prIncipes
441 964 661 1002 consecrati
702 962 848 1002 nullam
890 965 1078 1002 maiorem
1111 963 1275 1015 gloriam
1307 969 1550 1016 putauerunt

201 1034 318 1073 quam
352 1028 417 1061 aut
450 1022 614 1061 fundare
649 1034 772 1060 nouas
806 1023 988 1060 ciuitates
1023 1028 1090 1061 aut
1121 1022 1168 1060 ab
1195 1022 1279 1061 aliis
1307 1023 1483 1062 conditas
1510 1025 1550 1062 in

202 1093 344 1119 nomen
372 1093 486 1120 suum
515 1081 589 1119 sub
618 1081 784 1132 quadam
806 1081 1107 1131 amplificatione
1128 1082 1357 1121 transferre.
1401 1082 1445 1120 In
1473 1094 1550 1133 quo

169 1151 183 1174 5
204 1153 323 1191 opere
357 1140 564 1179 clementia
598 1141 824 1178 serenitatis
857 1146 947 1178 tuae
980 1139 1132 1179 obtinet
1164 1140 1342 1191 palmam.
1386 1141 1442 1179 Ab
1475 1141 1551 1179 illis

202 1200 306 1237 enim
340 1199 402 1238 uel
435 1212 581 1250 paucae
610 1199 674 1238 uel
701 1199 889 1250 singulae,
923 1211 942 1237 a
968 1200 1114 1250 pietate
1149 1205 1213 1238 tua
1244 1199 1551 1239 innumerabiles

202 1258 321 1297 urbes
354 1260 407 1298 ita
438 1260 521 1309 iugi
554 1258 686 1296 labore
719 1258 918 1309 perfectae
953 1264 1057 1310 sunt,
1090 1263 1134 1297 ut
1166 1271 1244 1296 non
1277 1265 1355 1297 tam
1381 1259 1551 1298 humana

203 1330 319 1356 manu
347 1317 527 1356 conditae
555 1330 671 1368 quam
699 1318 833 1355 diuino
861 1322 960 1355 nutu
982 1317 1193 1356 uideantur
1214 1324 1339 1356 natae.
1378 1317 1551 1356 Cunctos

202 1378 461 1428 imperatores
488 1377 675 1416 felicitate
703 1376 972 1415 moderatione
1001 1378 1242 1428 castimonia,
1277 1377 1467 1428 exemplis
1494 1378 1550 1415 in-

274 1495 290 1524 1
319 1490 540 1535 pronosticis
561 1490 606 1525 ΑἸ
683 1494 702 1524 2
729 1491 895 1525 reumate
925 1490 954 1524 O
1036 1490 1257 1525 3notitiani
1283 1492 1322 1524 Π
1405 1490 1480 1525 siue
1508 1491 1551 1525 de

223 1550 311 1573 rem.
343 1538 379 1572 P
449 1542 471 1572 4
497 1538 600 1584 telis]
627 1537 716 1582 pilis
737 1540 776 1571 H
799 1537 913 1572 armis
932 1537 1020 1572 telis
1041 1539 1151 1582 uulyo
1223 1537 1422 1572 naualibus
1442 1539 1552 1582 uulgyo

200 1584 406 1620 muralibus
429 1586 458 1620 Ο
563 1590 582 1620 6
608 1550 736 1620 nlabali
761 1584 853 1619 belli
872 1585 907 1619 A
1015 1585 1178 1630 [XLVI]
1230 1585 1277 1620 Et
1302 1584 1392 1628 quid
1417 1584 1493 1629 fiat,
1522 1596 1550 1620 c.

200 1644 232 1667 a.
253 1633 304 1668 M.
325 1633 359 1667 b.
381 1645 414 1669 n.
437 1645 466 1668 c.
506 1633 701 1668 Armoium
723 1631 881 1676 denique
901 1632 993 1667 inibi
1014 1632 1298 1667 necessariorum
1320 1632 1551 1667 enumeiatis.

201 1680 298 1722 Quid
324 1680 459 1715 asseres
479 1680 594 1715 falces
616 1680 645 1714 ὣ
670 1680 851 1724 bipennes
867 1681 976 1724 eupit
1000 1680 1117 1714 XLV
1136 1680 1302 1714 tubricae
1327 1680 1552 1715 adnectentes

200 1727 317 1762 Saot'u.
343 1727 496 1763 Selmeb.
594 1727 675 1773 fiat]
702 1727 818 1762 faciat
844 1727 920 1761 ΠΡ
1016 1727 1187 1771 Sequenti
1209 1728 1358 1771 proloyo
1378 1727 1551 1771 praemit-

200 1778 282 1809 tunt
308 1774 513 1820 expliciunt
536 1774 711 1820 Capitula
736 1773 873 1818 Incipit
898 1774 1010 1808 Liber
1036 1774 1105 1807 HH
1131 1777 1149 1808 λ
1175 1773 1311 1818 Incipit
1335 1773 1495 1818 prefatio
1516 1776 1554 1808 Π

223 1821 266 1855 V.
294 1822 331 1856 L.
439 1822 547 1857 Pnor..
598 1826 618 1856 8
647 1821 719 1867 [in]
748 1821 856 1856 initio
884 1822 945 1856 &P
1046 1826 1066 1856 9
1092 1823 1280 1856 mutorum
1307 1824 1367 1856 εΠ
1390 1823 1552 1856 mortuo-

200 1881 279 1903 rum
308 1870 371 1903 &P
394 1871 589 1904 brutorum
615 1870 726 1913 mdgyo
790 1874 832 1904 10
860 1869 1007 1913 peperit
1033 1870 1069 1903 π’
1146 1873 1189 1903 15
1216 1867 1312 1914 illis]
1341 1867 1426 1902 aliis
1448 1868 1508 1902 61³

202 1920 243 1950 18
271 1918 380 1951 natae
403 1917 512 1961 Lany
538 1918 674 1952 hanate
695 1930 718 1950 α
758 1917 889 1950 enatae
910 1916 988 1950 HV
1004 1916 1116 1951 &clm
1141 1917 1292 1950 renatae
1322 1915 1359 1948 P
1381 1918 1491 1960 pacte
1520 1916 1553 1949 G

201 1965 330 2000 oinate
351 1966 369 1997 λ
398 1965 464 2010 [n]
488 1964 526 1998 D
551 1965 704 2009 paratae
731 1964 843 2007 uulyo
863 1967 946 1997 cente
965 1963 1078 1998 Schw.
1201 1962 1370 2008 cunctos]
1402 1962 1556 1997 cunctos

199 2003 359 2054 itaquel
412 2011 671 2056 19in1pe1ator
685 2012 708 2044 δ
754 2009 995 2045 castimoniae
1011 2011 1071 2045 §P
1106 2008 1551 2054 exemplisindulgentiac

199 2060 331 2103 scripsi
356 2070 399 2094 ex
418 2058 580 2103 exempli
599 2057 857 2102 indulgentiae
879 2071 902 2091 οι
936 2058 1105 2102 exemplo
1126 2056 1384 2101 indulgentiae
1402 2056 1456 2090 Gk
1477 2067 1550 2091 eaee.

203 2105 389 2141 Cusanum
421 2105 603 2151 exemplis
631 2105 866 2150 indulgentia
890 2118 917 2139 π
948 2104 1205 2149 indulgentiae
1237 2104 1408 2148 exemplo
1441 2104 1551 2150 ‘etulyo

225 2212 259 2247 S.
288 2213 326 2247 L.
451 2218 470 2248 8
497 2212 696 2258 incultam]
726 2212 908 2246 incultum
934 2210 984 2244 M
1075 2209 1188 2244 seculi
1214 2210 1248 2244 A
1347 2214 1366 2244 9
1388 2220 1551 2244 commu-

199 2260 326 2306 nione]
354 2261 707 2297 communitioneA'
761 2263 803 2293 10
830 2257 1019 2303 discreuit]
1051 2257 1226 2292 describit
1246 2270 1269 2291 α
1322 2262 1362 2291 11
1391 2257 1449 2303 ac]
1474 2267 1496 2291 a
1516 2256 1550 2290 α’

298 2312 338 2342 12
367 2309 584 2355 confeciati]
614 2307 827 2344 consemant
852 2305 890 2339 in
917 2306 957 2339 H
1036 2308 1078 2338 15
1106 2305 1251 2349 optinet
1274 2304 1320 2339 A
1400 2308 1442 2339 19
1469 2304 1549 2339 feli-

200 2355 313 2389 citate
340 2356 611 2402 modeiatione]
640 2356 861 2392 felicitatem
888 2351 1185 2388 moderationem
1212 2352 1246 2386 α’
