1638 2620
77 750 110 775 10

127 112 183 153 94
674 111 754 146 Lib.
783 111 841 154 111,
872 115 924 145 11.

127 216 198 262 est,
220 223 296 261 quo
318 216 425 249 tanto
450 211 570 260 magis
593 210 713 248 duces
735 209 879 248 dehent
899 221 985 248 esse
1008 209 1174 261 solliciti,
1191 215 1335 260 quanto
1352 211 1473 248 maior

128 277 310 321 speratur
343 268 597 320 diligentibus
629 268 750 318 gloria
784 274 823 306 et
856 270 980 306 maius
1012 268 1231 319 periculum
1265 270 1473 307 comitatur

128 331 310 380 ignatioS‚
343 329 384 366 in
411 340 487 378 quo
514 331 713 365 momento
740 328 903 377 peritiae
930 340 1044 379 usus,
1070 328 1269 378 pugnandi
1296 327 1473 365 doctrina

128 387 414 437 consiliumque
442 386 678 424 dominatur.
728 385 936 424 Veteribus
964 385 1130 424 saeculis
1159 399 1241 423 mos
1263 387 1335 424 fuit
1358 398 1475 436 parco

129 446 216 485 cibo
250 451 408 484 curatos
446 444 590 482 milites
629 444 675 482 ad
718 450 915 483 certamen
951 445 1137 496 educere,
1170 452 1214 483 ut
1245 445 1474 483 audaciores

129 510 284 555 sumpta
311 515 399 542 esca
426 503 612 542 redderet
638 509 676 541 et
703 503 877 553 longiore
906 504 1090 542 conflictu
1119 516 1196 542 non
1219 504 1476 555 fatigarentur

128 564 266 602 inedia.
326 562 534 601 Praeterea
568 561 859 601 obseruandum
886 569 946 601 est
978 562 1252 613 praesentibus
1284 562 1476 614 hostibus,

131 623 214 660 siue
248 634 295 660 ex
328 622 467 660 castris
501 622 584 659 siue
618 633 663 659 ex
697 622 856 660 ciuitate
884 622 1076 672 producas
1103 621 1149 659 ad
1178 621 1387 672 proelium,
1415 633 1475 673 ne,

131 681 223 719 dum
250 693 321 731 per
349 685 513 731 angusta
539 686 743 731 portarum
769 680 1032 731 particulatim
1063 680 1241 731 procedit
1267 682 1477 731 exercitus,

130 752 151 778 a
184 739 359 778 collectis
392 744 431 777 et
462 740 607 790 paratis
640 739 867 778 debilitetur
899 741 1079 777 inimicis.
1143 738 1312 790 Ideoque
1346 741 1477 790 proui-

131 799 303 837 dendum
337 804 414 849 est,
446 803 491 836 ut
522 802 611 836 ante
644 810 780 836 omnes
814 797 956 836 milites
989 798 1241 849 egrediantur
1274 804 1406 850 portas
1439 804 1478 836 et

131 859 253 896 aciem
295 862 543 904 construant,
584 869 699 907 quam
733 857 856 895 hostis
895 857 1088 896 adueniat.
1160 856 1272 902 Quod
1306 859 1338 896 si
1376 859 1476 896 intra

131 918 332 955 ciuitatem
354 915 604 954 manentibus
625 921 784 966 paratus
805 915 1021 967 aduencrit7
1037 922 1102 955 aut
1123 916 1326 955 differatur
1347 928 1477 966 egres-

132 988 199 1014 sus
232 981 299 1014 aut
338 981 443 1013 certe
484 974 773 1027 dissimuletur,
811 982 872 1026 ut,
911 987 1000 1013 cum
1040 975 1256 1014 aduersarii
1289 975 1478 1013 insultare

97 1046 112 1070 5
134 1036 335 1085 coeperint
356 1034 429 1085 his,
445 1046 543 1084 quos
565 1046 642 1072 non
666 1040 805 1085 putant
826 1035 1013 1086 exituum,
1029 1047 1117 1072 cum
1140 1034 1186 1072 ad
1208 1034 1392 1085 praedam
1413 1039 1479 1072 aut

133 1093 179 1131 ad
200 1092 445 1131 redeundum
468 1094 742 1131 conuerterint
769 1094 952 1144 animum,
973 1106 1062 1131 cum
1090 1093 1248 1131 ordines
1276 1093 1480 1144 soluerint,

133 1160 226 1190 tunc
254 1151 330 1190 illis
358 1151 609 1202 stupentibus
636 1151 840 1190 lectissimi
865 1154 1010 1202 quique
1037 1157 1296 1203 prorumpant
1323 1157 1361 1190 et
1388 1163 1478 1190 con-

132 1211 225 1249 ferti
263 1210 543 1261 adgrediamur
582 1211 750 1261 ignaros.
814 1209 1059 1249 Obseruatur
1101 1216 1249 1262 autem⁷
1283 1224 1329 1249 ne
1364 1210 1478 1261 longo

133 1271 259 1320 spatio
287 1270 488 1320 fatigatum
516 1268 680 1307 militem
708 1282 808 1308 neue
837 1269 960 1308 lassos
988 1276 1076 1321 post
1099 1282 1259 1309 cursum
1283 1282 1406 1320 equos
1432 1269 1478 1307 ad

80 1342 93 1365 2
133 1328 335 1379 publicum
367 1327 562 1379 proelium
601 1340 734 1380 cogas3
780 1328 945 1367 multum
978 1330 1124 1367 uirium
1163 1328 1294 1367 labore
1326 1329 1480 1367 itineris

132 1393 380 1438 pugnaturus
409 1388 561 1426 amittit.
608 1387 710 1432 Quid
738 1388 864 1439 faciet,
886 1389 951 1438 qui
979 1388 1024 1425 ad
1053 1389 1173 1426 aciem
1200 1387 1395 1426 marcidus
1415 1387 1479 1425 ad-

157 1477 199 1512 V.
228 1477 267 1511 L.
368 1482 384 1510 1
415 1488 486 1520 quo
507 1478 611 1511 tanto
632 1477 734 1522 ΑμΡ
755 1478 827 1520 (ψεῖ
859 1489 929 1521 quo
959 1479 992 1511 Π
1025 1479 1164 1521 quanto
1194 1477 1252 1511 G&
1349 1477 1485 1523 [magis

132 1544 176 1549 —
204 1524 359 1569 quanto]
387 1526 424 1557 H
521 1528 541 1558 2
569 1524 704 1569 maius]
731 1524 853 1569 magis
874 1525 962 1569 μὸΡ
1043 1525 1257 1570 comitatur]
1287 1523 1482 1570 consurgat

132 1571 170 1605 in
197 1573 236 1605 H
330 1575 351 1604 4
380 1570 682 1617 consilium[que]
714 1573 825 1616 ‘etulfso
929 1572 1120 1618 [saeculis]
1153 1572 1190 1606 P
1284 1576 1304 1606 6
1336 1572 1481 1616 sumptu

133 1617 211 1665 esce
237 1619 272 1652 A
306 1618 452 1662 sumptu
479 1618 580 1653 aesce
608 1619 656 1652 M
682 1618 864 1663 sumptura.
893 1619 970 1666 esce
1000 1620 1029 1664 Q
1061 1619 1228 1664 sumptus
1249 1618 1326 1666 esce
1360 1619 1436 1660 (secl
1461 1630 1480 1653 e

127 1666 237 1710 prius
257 1677 280 1699 α
299 1667 336 1707 2,
363 1677 382 1712 e
403 1668 586 1709 posterius
612 1677 690 1701 cum
710 1677 748 1700 re
769 1678 791 1700 a
812 1670 836 1701 2
863 1667 904 1700 in
931 1667 951 1701 I.
978 1670 1042 1709 er.)
1060 1667 1094 1700 L
1119 1666 1430 1712 sumptugaesce2
1448 1666 1481 1701 G

206 1716 247 1746 12
276 1712 404 1758 quam]
432 1714 629 1757 antequam
652 1716 670 1747 λ
738 1713 861 1747 hostes
883 1713 1086 1748 adueniant
1105 1715 1215 1758 uulyo
1286 1713 1346 1760 [si]
1375 1714 1408 1747 α’

136 1763 177 1794 13
204 1759 347 1804 paratis
372 1763 412 1801 (ἀ
432 1763 457 1795 2
484 1760 502 1793 s
523 1763 631 1803 eras.)
659 1760 694 1794 A
725 1760 988 1805 imparatisque
1009 1761 1197 1796 Korttian.
1214 1763 1239 1795 2
1259 1762 1369 1805 uulyo
1418 1761 1481 1794 ad-

133 1807 303 1841 uenerint
328 1808 438 1852 uulyo
509 1812 552 1842 14
577 1807 754 1842 insultare
774 1808 865 1842 ΠΡλ
892 1808 1043 1842 insulari
1063 1809 1096 1842 α’
1124 1808 1242 1842 insula
1262 1808 1296 1842 se
1321 1807 1354 1842 G
1380 1808 1480 1842 exul-

133 1856 212 1888 tare
234 1855 256 1888 ὃ
355 1858 398 1889 15
425 1857 491 1890 aut
518 1856 597 1900 [ad]
629 1855 858 1890 redeundum
886 1855 945 1889 εΡ
1039 1867 1121 1890 cum
1149 1855 1243 1900 ord.]
1271 1857 1308 1890 et
1334 1867 1364 1890 o.
1392 1858 1410 1888 λ

135 1905 177 1936 17
205 1900 408 1947 lectissimi]
436 1902 635 1937 doctissimi
655 1905 692 1936 H
758 1906 798 1936 19
826 1914 871 1936 ne
898 1903 957 1936 uel
984 1902 1094 1936 lassos
1110 1903 1167 1937 εΡ
1188 1913 1280 1937 nene
1307 1902 1430 1946 lapsos
1445 1904 1483 1936 ΙΙ

205 1952 248 1982 21
275 1949 462 1983 marcidus
484 1950 577 1985 Gz'ss.
609 1949 725 1984 marie
753 1949 832 1984 eius
853 1950 888 1983 A
921 1950 1045 1984 mariae
1071 1950 1150 1984 eius
1172 1949 1251 1984 ΜΘ
1279 1950 1434 1984 anhelus
1455 1962 1481 1983 π

134 1995 284 2030 Fo'rster
308 1995 482 2031 incautus
501 2000 519 2031 λ

160 2067 193 2101 S.
216 2067 255 2101 L.
307 2071 326 2100 2
348 2067 528 2113 speratur]
551 2067 716 2112 speiatoi
729 2068 776 2113 A
845 2072 864 2102 3
886 2068 1058 2114 ignauos]
1082 2068 1211 2113 ignab;
1233 2069 1268 2101 A
1288 2067 1410 2112 ignab
1435 2068 1483 2102 M

136 2112 349 2158 (ignauibus
369 2117 403 2159 λ)
482 2115 642 2159 periciae
669 2129 693 2159 μ
773 2119 794 2149 5
821 2115 903 2150 ciuo
929 2117 969 2149 H
1044 2115 1216 2160 educere]
1245 2115 1419 2149 educeret
1445 2118 1483 2148 Π

230 2161 466 2207 audaciores]
488 2163 552 2197 aut
572 2162 714 2197 aeiores
724 2164 763 2196 Π
819 2166 837 2196 7
859 2162 1008 2197 inaedia
1028 2161 1168 2209 (inedia
1181 2162 1215 2196 A
1235 2161 1382 2215 inediae
1398 2162 1441 2207 Q)
1463 2175 1479 2196 ε

233 2212 275 2242 10
301 2208 517 2243 deuilitetur
542 2211 581 2243 H
677 2214 718 2243 12
746 2209 877 2255 hostis]
905 2209 1028 2244 hostes
1048 2223 1071 2243 α
1180 2209 1293 2262 intra]
1321 2208 1418 2244 intio
1446 2211 1483 2243 Π

233 2260 274 2289 13
302 2254 509 2302 differatur]
538 2255 683 2291 differat
703 2257 738 2291 A
815 2261 856 2291 15
884 2258 1073 2301 coeperint
1112 2255 1278 2302 ceperint
1298 2257 1336 2290 Π
1407 2256 1479 2290 exi—

134 2302 255 2348 turos]
284 2302 487 2347 exigituros
508 2305 548 2338 H
625 2308 666 2338 17
694 2302 901 2338 lectissimis
923 2304 958 2338 A
1109 2303 1388 2349 adgrediantur]
1416 2304 1480 2338 ad-

135 2349 303 2394 greditur
329 2350 378 2383 M
399 2349 667 2395 aggrediantur
692 2352 731 2384 Π
825 2355 866 2385 21
895 2350 1142 2396 pugnaturus]
1172 2350 1229 2385 —os
1250 2351 1296 2395 A¹
