1638 2620
151 87 208 127 24
654 86 751 122 Lib.
779 88 805 132 Ι,
834 92 889 123 20.
916 91 972 124 21.

147 185 259 238 hant,
286 198 333 224 ex
360 185 528 237 pellibus
554 191 780 238 uterentur3
809 187 911 237 quod
939 191 1150 237 propterea
1175 186 1418 239 seruabatur,
1441 201 1492 227 ne

146 246 278 296 grauis
305 245 412 295 galea
439 245 644 283 uideretur
670 247 709 283 in
742 246 891 296 proelio
923 245 1089 297 homini,
1123 247 1188 297 qui
1221 245 1394 297 gestabat
1426 246 1492 285 ali-

147 304 239 355 quid
274 316 430 355 semper
462 305 502 341 in
536 305 673 354 capite.
733 304 945 343 Missilibus
975 309 1105 343 autem
1139 305 1282 356 quibus
1308 305 1493 344 utebatur

147 363 343 414 pedestris
376 364 591 413 exercitus,
624 362 700 412 pila
734 363 990 415 vocabantur,
1030 364 1134 401 ferro
1172 363 1304 402 subtili
1337 365 1492 415 trigono

111 430 128 455 5
148 422 319 472 praefixa
346 423 551 459 unciarum
579 433 721 459 nouem
749 422 1004 473 siue,pedali‚
1037 422 1141 472 quod
1168 424 1206 461 in
1235 428 1345 461 scuto
1373 424 1493 462 fixum

148 493 226 519 non
258 481 383 531 possit
415 479 564 518 abscidi
590 487 628 519 et
654 479 815 519 loricam
842 483 1012 520 scienter
1040 493 1084 519 ac
1118 481 1272 520 sortiter
1298 481 1493 521 directum

148 538 259 577 facile
286 539 518 590 perrumpit,
546 540 659 577 cuius
689 541 845 590 generis
872 541 973 591 apud
998 551 1070 578 nos
1090 541 1165 578 iam
1186 552 1273 578 rara
1294 546 1386 579 sunt
1405 541 1493 580 tela.

147 597 309 636 Barbari
342 604 472 636 autem
505 599 649 636 scutati
680 598 832 650 pedites
864 599 925 637 his
954 599 1165 649 praecipue
1192 603 1370 651 utuntur,
1398 611 1494 650 quas

148 656 289 695 bebras
316 662 471 707 uocant,
499 662 538 695 et
564 656 674 695 binas
704 659 822 696 etiam
849 670 892 696 ac
919 663 1051 696 ternas
1077 659 1117 695 in
1143 657 1304 707 proeliis
1325 663 1495 708 portant.

94 725 128 750 10
149 715 361 754 Sciendum
387 721 609 768 praeterea,
637 728 726 755 cum
753 716 968 754 missilibus
995 717 1141 767 agitur,
1168 717 1350 754 sinistros
1373 717 1494 768 pedes

146 776 185 812 in
220 780 308 813 ante
342 774 485 813 milites
517 774 661 813 habere
695 775 859 827 debere3
891 776 943 813 ita
971 776 1073 813 enim
1101 774 1300 813 vibrandis
1333 775 1495 826 spiculis

148 833 420 872 uehementior
459 834 561 872 ictus
600 839 672 872 est.
739 834 814 872 Sed
856 846 945 872 cum
985 833 1030 872 ad
1069 833 1164 886 pila,
1207 840 1251 873 ut
1289 834 1496 887 appellant,

147 894 307 931 uenitur
335 898 373 931 et
400 904 516 932 manu
544 892 590 930 ad
617 905 775 931 manum
803 892 940 943 gladiis
967 899 1182 945 pugnatur,
1215 899 1308 931 tunc
1336 893 1495 932 dextros

146 951 266 1002 pedes
299 953 338 989 in
371 957 459 990 ante
492 951 636 990 milites
668 951 813 990 habere
847 951 1009 1002 debent,
1048 958 1091 990 ut
1133 958 1171 990 et
1202 952 1324 990 latera
1357 964 1495 991 eorum

93 1020 125 1045 15
146 1010 419 1049 subducantur
452 1010 498 1048 ab
537 1010 739 1062 hostibus,
775 1023 823 1049 ne
863 1011 1016 1062 possint
1054 1010 1201 1049 uulnus
1239 1012 1417 1062 accipere
1458 1017 1498 1050 et

145 1071 362 1119 proximior
383 1069 519 1108 dextra
540 1071 601 1121 sit,
617 1082 715 1119 quae
737 1069 887 1120 plagam
908 1070 1033 1120 possit
1053 1069 1212 1108 inferre.
1239 1068 1497 1108 Instruendos

148 1129 269 1179 igitur
301 1141 345 1166 ac
378 1129 642 1179 protegendos
675 1130 781 1167 omni
814 1130 974 1179 antiquo
1007 1140 1206 1166 armorum
1233 1141 1377 1179 genere
1405 1141 1496 1167 con-

149 1192 224 1226 stat
252 1199 338 1226 esse
366 1188 527 1226 tirones.
572 1187 743 1226 Necesse
772 1194 831 1226 est
858 1189 974 1239 enim,
1000 1193 1044 1225 ut
1070 1187 1280 1225 dimicandi
1306 1189 1498 1226 acriorem

148 1252 277 1284 sumat
310 1245 511 1284 audaciam
544 1248 611 1297 qui
643 1248 794 1285 munito
828 1248 953 1298 capite
986 1246 1050 1284 uel
1083 1241 1242 1297 pectore
1275 1258 1354 1284 non
1387 1247 1500 1285 timet

96 1314 129 1339 20
149 1304 307 1351 uulnus.

4 1367 238 1417 essgfogffi‘mne
367 1363 467 1402 XXI.
490 1363 718 1403 Castrorum
735 1377 891 1415 quoque
907 1365 1167 1403 munitionem
1182 1363 1298 1402 debet
1315 1365 1390 1403 tiro
1407 1376 1498 1403 con-

168 1478 212 1512 V.
240 1477 278 1512 L.
337 1483 357 1512 3
386 1477 536 1512 missilia
554 1480 593 1512 Π
620 1477 714 1512 Θίεε.
736 1476 944 1512 missilesD
1001 1477 1158 1523 [autem]
1181 1478 1218 1511 P
1269 1480 1288 1511 5
1317 1476 1410 1522 [siue
1437 1488 1500 1522 pe—

146 1524 238 1570 dali]
264 1524 293 1569 Q
313 1524 387 1559 sine
409 1524 534 1569 pedali
555 1525 762 1560 Scriuerz'us
782 1524 890 1558 semis
906 1526 943 1559 et
962 1536 985 1558 v
1005 1525 1140 1569 pedum
1163 1523 1317 1568 (martiii
1335 1524 1499 1559 Oudend.

195 1572 293 1616 quod
318 1572 359 1606 in
384 1572 488 1606 scuta
513 1572 584 1606 fixo
605 1573 651 1606 A'
680 1571 779 1616 quod
805 1573 843 1605 in
870 1572 1011 1606 scutum
1037 1572 1148 1606 fixum
1172 1571 1201 1616 Q
1227 1582 1320 1615 quae
1346 1571 1368 1605 i.
1397 1571 1498 1606 scuto

146 1620 218 1654 fixa
243 1620 354 1664 uulyo
418 1623 438 1653 6
464 1619 584 1664 potest
605 1619 668 1653 δΡ
691 1619 836 1664 possent
855 1620 966 1664 uulgo
1027 1618 1191 1653 abscindi
1211 1619 1322 1663 uulyo
1384 1622 1404 1652 9
1428 1618 1497 1664 [et]

145 1666 254 1701 binas
279 1667 308 1711 Q
407 1670 450 1701 10
478 1666 674 1701 Sciendum
702 1666 755 1700 est
785 1678 821 1711 p.
849 1667 884 1700 P
985 1670 1026 1700 12
1054 1676 1076 1700 a
1100 1666 1178 1711 pila
1205 1666 1234 1711 Q
1269 1665 1316 1700 ad
1342 1664 1420 1709 pila
1447 1677 1501 1700 απ

196 1718 237 1748 13
264 1725 377 1748 manu
404 1714 451 1748 ad
477 1715 590 1749 mansi
615 1714 644 1759 Q
668 1714 781 1748 manti
807 1714 935 1758 (mansi
961 1715 1017 1757 Π)
1044 1713 1091 1747 ad
1118 1714 1229 1748 mam]
1257 1712 1405 1747 a'HPD

148 1765 190 1796 16
217 1760 436 1806 proximior]
470 1762 512 1796 ob
544 1762 639 1796 have
670 1762 823 1804 formam
854 1761 1072 1795 Priscianus
1103 1761 1198 1795 himo
1230 1762 1344 1795 locum
1370 1760 1501 1795 laudat

145 1809 237 1849 (uid.
272 1808 445 1852 praefat.)
579 1812 620 1843 17
648 1808 749 1843 omni
775 1807 931 1852 antiquo
959 1818 1143 1842 armorum
1170 1818 1305 1852 genere
1331 1808 1370 1841 Π
1399 1806 1501 1841 omni

147 1855 384 1899 antiquorum
415 1866 551 1900 genere
586 1869 601 1890 ε
643 1855 743 1890 omni
776 1856 854 1889 arte
890 1854 1083 1900 pugnandi
1115 1865 1346 1898 quocumque
1378 1865 1499 1888 armo-

146 1915 227 1937 rum
271 1913 404 1948 genere
444 1903 482 1937 D
524 1902 624 1938 omni
663 1905 742 1937 arte
780 1915 816 1947 p.
859 1913 1092 1947 quocumque
1135 1913 1268 1945 genere
1314 1912 1499 1936 armorum

149 1950 384 1994 antiquorum
411 1950 447 1984 P
1637 1994 1638 1999 Ἰ

172 2056 205 2090 S.
233 2057 272 2091 L.
380 2062 395 2090 1
425 2067 470 2090 ne
503 2055 650 2101 grauis]
681 2066 749 2090 nec
783 2055 909 2100 grauis
937 2069 961 2089 α
993 2066 1038 2090 ne
1071 2054 1198 2099 grabis
1226 2055 1262 2088 Π
1368 2058 1387 2088 2
1421 2054 1500 2099 gal·
1635 2013 1638 2096 l

146 2104 206 2137 lea
231 2104 267 2137 A
299 2103 443 2138 homini
469 2104 548 2149 qui]
576 2103 753 2147 hominiq.
784 2103 834 2136 M
926 2107 945 2138 5
974 2101 1160 2137 untiarum
1187 2101 1266 2136 MG
1342 2105 1383 2135 >6
1411 2100 1499 2135 luri·
1635 2104 1638 2151 l

149 2161 228 2184 cam
256 2152 303 2185 M
402 2155 441 2185 11
475 2150 668 2185 bibrandis
690 2152 728 2184 Π
833 2154 874 2184 12
901 2149 1107 2195 appellant]
1143 2148 1336 2193 adpellant
1367 2148 1401 2182 α’

150 2202 191 2232 16
225 2198 352 2243 possit]
386 2198 503 2242 posset
536 2211 559 2242 μ
680 2196 834 2242 praeliis
862 2200 901 2231 Π
1020 2201 1062 2231 19
1097 2195 1285 2231 audatiam
1318 2196 1381 2240 Αμ

147 2273 192 2304 20
218 2256 351 2303 nulnt‘is
371 2269 407 2302 A

245 2328 323 2363 CAP.
353 2327 448 2362 XXi.
547 2331 591 2362 21
618 2326 878 2372 munitionem]
906 2337 941 2361 -e
969 2328 1006 2360 Π
