1638 2620
757 130 837 165 Lib.
864 129 891 165 1.
1486 126 1512 167 3

208 229 357 268 XVIII.
390 228 728 274 Quemadmodum
748 230 798 268 ad
817 229 1083 268 ascendendos
1099 239 1219 276 equos
1240 227 1389 265 tirones
1408 239 1513 264 exer-

451 288 561 325 cendi
594 288 684 326 sint.

193 346 360 384 XVIIII.
391 345 455 383 Ad
487 347 726 395 portandum
757 347 910 395 pondus
943 345 1178 383 exercendos
1210 344 1371 382 tirones.

279 405 362 443 XX.
397 404 481 450 Quo
514 417 715 442 armorum
747 418 892 454 genere
925 405 986 442 usi
1018 405 1099 442 sint
1130 403 1296 452 antiqui.

254 464 325 501 XX
351 494 358 502 .
390 463 450 500 De
482 464 703 501 munitione
735 466 968 502 castrorum.
1533 469 1549 493 5

235 522 361 561 XXII.
394 522 439 559 In
473 522 657 571 qualibus
688 523 784 559 locis
818 522 1094 560 constituenda
1127 522 1205 558 sint
1238 523 1380 559 castra.

216 581 362 620 XXIII.
395 581 511 626 Quali
543 581 670 630 specie
704 584 835 618 castra
867 580 1093 617 delinianda
1125 580 1217 618 sint.

194 640 361 677 XXIIII.
394 640 479 685 Quo
511 653 656 688 genere
688 639 900 677 munienda
933 639 1011 676 sini:
1041 641 1184 676 castra.

239 699 359 736 XXV.
393 699 732 744 Quemadmodum
757 698 971 735 munienda
997 697 1076 734 sint
1102 699 1243 744 eastra,
1276 710 1363 735 oum
1389 697 1513 735 hostis

448 757 652 795 inmineat.
1535 762 1569 786 10

216 816 359 855 XXVI.
393 815 732 860 Quemadmodum
771 816 1029 853 exerceantur
1067 815 1234 863 tirones,
1273 817 1318 852 ut
1355 814 1395 851 in
1433 814 1515 852 acie

451 876 607 913 ordines
641 877 680 912 et
712 874 926 912 interualla
957 874 1193 911 cus‘codiant.

194 933 356 972 XXVII.
392 933 592 978 Quantum
620 933 793 982 spatium
818 933 875 970 ire
902 945 948 970 ac
972 933 1102 970 redire
1134 932 1304 969 debeant
1334 932 1398 969 uel
1424 944 1516 980 quo-

448 994 552 1031 tiens
579 993 619 1029 in
639 1005 772 1030 mense
795 992 976 1040 exerceri,
1005 1004 1093 1029 oum
1121 991 1342 1029 educuntur
1368 990 1514 1027 milisses

450 1052 711 1090 ambulatum.
1537 1055 1568 1079 15

167 1110 369 1159 [XXVIII.
402 1112 462 1149 De
499 1110 777 1151 adhortabione
814 1110 872 1147 rei
910 1109 1096 1148 militaris
1128 1109 1406 1156 Romanaeque
1438 1107 1516 1144 uir„

402 1169 530 1219 tutis]

261 1300 278 1329 1
307 1293 504 1330 exercendi
530 1294 611 1328 sunt
637 1295 659 1328 δ
694 1292 908 1339 [exercendi
933 1291 1020 1338 sint]
1049 1291 1123 1336 οιΡ1
1163 1292 1217 1335 (m
1243 1292 1322 1335 ipso
1347 1294 1515 1325 contextu

164 1345 268 1386 recte)
295 1343 399 1377 exero
429 1342 458 1387 Q
553 1345 572 1374 3
600 1341 762 1387 pondus]
796 1340 888 1385 opus
909 1340 947 1374 D
1044 1343 1064 1373 4
1090 1338 1161 1372 uisi
1187 1340 1227 1372 H
1319 1348 1457 1383 genera
1486 1337 1515 1382 Q

258 1389 340 1424 sunt
365 1402 418 1434 μπ
508 1392 527 1423 6
555 1388 724 1433 qualibeh
748 1390 788 1421 H
861 1386 995 1432 quibus
1017 1387 1039 1420 ὃ
1138 1390 1156 1420 7
1185 1385 1266 1427 Qua
1291 1386 1314 1419 ὃ
1391 1385 1462 1419 del.
1490 1384 1514 1420 Γ.

165 1449 192 1472 e.
221 1438 266 1472 A'
343 1435 558 1472 delinianda
584 1435 618 1469 α’
658 1434 872 1470 delinienda
901 1433 1006 1479 ἕρπ’
1047 1431 1301 1468 deliminanda
1326 1432 1363 1466 P
1433 1435 1452 1465 8
1479 1443 1513 1476 g.

164 1488 286 1520 eastra
310 1496 358 1518 m.
386 1484 408 1518 s.
436 1484 474 1518 D
501 1494 638 1527 genara
668 1482 697 1526 Q
723 1482 918 1516 immineat
942 1481 1007 1514 Απ
1117 1484 1136 1514 9
1164 1479 1276 1515 XXV.
1304 1490 1369 1514 om.
1398 1480 1420 1512 δ

165 1536 205 1566 11
236 1532 296 1577 [ut
321 1552 363 1556 -
392 1530 616 1576 custodiant]
634 1530 689 1564 sP
784 1534 826 1564 13
848 1530 988 1573 quantu
1007 1528 1055 1561 M
1129 1530 1171 1560 14
1198 1538 1240 1561 ac
1267 1527 1375 1570 Lcmy
1400 1526 1461 1560 uel
1486 1524 1515 1560 O

225 1578 370 1623 quoffies
386 1578 452 1623 ΡΩ
516 1581 557 1612 15
586 1577 632 1611 ad
659 1577 889 1611 ambulatum
916 1575 983 1620 Po
1009 1574 1275 1609 ambulandum
1302 1574 1340 1607 D
1365 1573 1413 1608 ad
1438 1584 1515 1607 am-

163 1626 367 1661 bulandum
393 1637 436 1660 ea:
462 1625 676 1660 correctione
709 1624 743 1657 V
857 1628 899 1658 16
932 1623 986 1657 De
1013 1621 1248 1656 ordinatione
1274 1622 1314 1654 Π
1336 1620 1381 1654 de
1408 1620 1513 1654 ador-

163 1674 305 1708 tatione
333 1673 366 1707 G
448 1673 618 1716 Sequenti
639 1672 789 1716 prologo
811 1673 850 1704 H
868 1670 1070 1715 praemittit
1097 1669 1326 1713 (maiusculis
1351 1668 1515 1710 Zitterz's):

163 1719 301 1765 Incipit
338 1720 515 1764 prologus
546 1718 633 1753 libri
665 1718 836 1753 eiusdem.
896 1718 943 1752 V:
981 1715 1165 1761 praefatio
1203 1726 1301 1749 nune
1339 1713 1514 1758 loquitur.

163 1768 219 1802 D:
250 1766 432 1812 praefatio
465 1777 561 1801 nune
593 1767 616 1802 l.
644 1766 690 1801 ad
723 1765 850 1800 diuum
881 1763 1114 1800 theodosium
1148 1765 1184 1798 et
1213 1761 1407 1806 augustum
1435 1772 1515 1795 cae-

164 1814 280 1850 sarem
307 1815 581 1859 imperatorem.
