1638 2620
646 126 725 161 Lib.
753 126 833 170 IIII,
862 130 891 162 7.
919 129 950 162 8.
1395 126 1478 167 133

133 232 177 264 ut
209 225 444 264 adminiculo
478 226 606 264 earnis
639 225 836 264 frumenta
871 225 1076 264 sufficiant.
1127 224 1231 264 Aues
1258 230 1388 264 autem
1415 238 1476 264 co-

132 284 304 324 hortales
331 290 369 323 et
396 285 478 323 sine
505 285 670 334 inpensa
690 285 730 322 in
752 283 978 323 ciuitatibus
999 285 1232 322 nutriuntur
1258 289 1297 322 et
1316 289 1479 335 propter

132 348 379 394 aegrotantes
412 348 504 382 sunt
530 344 789 381 necessariae.
838 342 983 381 Pabula
1011 344 1122 394 equis
1149 344 1360 394 praecipue
1387 355 1477 381 con-

132 402 303 453 gerenda
329 407 368 440 et
394 414 493 453 quae
520 401 720 452 adportari
745 403 1000 452 nequiuerint
1027 402 1237 454 exurenda,
1271 403 1354 440 uini
1380 404 1478 440 aceti

131 466 432 511 ceterarumque
453 460 610 512 frugum
631 460 695 499 uel
715 472 922 511 pomorum
944 461 1215 512 congerendae
1237 466 1329 500 sunt
1344 462 1477 512 copiae
1499 470 1514 495 5

130 519 318 571 nihilque,
347 519 448 570 quod
477 520 567 558 usui
593 520 785 571 proficiat,
811 519 991 558 hostibus
1012 519 1328 571 relinquendum.
1370 519 1479 572 Nam,

132 584 174 617 ut
211 578 418 617 hortorum
458 590 552 617 cura
592 579 631 616 in
664 577 865 617 uirdiariis
898 577 1105 617 domorum
1137 579 1200 618 uel
1233 581 1335 617 areis
1368 591 1477 618 exer-

131 643 277 690 ceatur,
306 638 486 677 utilitatis
507 649 550 676 ac
570 637 784 688 uoluptatis
807 638 906 675 ratio
928 637 1151 688 persuadet.
1184 637 1327 676 Parum
1348 643 1477 676 autem

129 697 286 747 proficit
322 696 536 748 plurImum
576 695 799 748 collegisse,
843 697 920 734 nisi
952 695 998 734 ab
1033 696 1192 735 exordio
1234 697 1478 735 dimensione

130 754 276 794 salubri
309 767 380 806 per
411 755 574 794 idoneos
607 756 780 805 erogatio
820 759 1084 805 temperetur:
1129 768 1343 807 numquam
1376 757 1477 806 peri·
1500 764 1531 789 10

129 813 250 852 clitati
283 821 376 853 sunt
402 815 501 853 fame
529 815 596 865 qui
622 813 886 865 frugalitatem
913 815 1018 853 inter
1044 815 1177 865 copias
1205 827 1366 853 seruare
1393 827 1478 853 coe-

128 879 284 924 perunt.
323 873 482 912 Inhellis
510 885 667 924 quoque
689 878 794 911 aetas
816 885 859 911 ac
881 885 998 912 sexus
1020 879 1183 925 propter
1204 875 1479 913 necessitatem

128 933 259 971 uictus
285 933 410 983 portis
438 932 667 983 frequenter
695 932 852 971 exclusa
876 937 948 984 est,
975 944 1024 971 ne
1051 934 1216 983 penuria
1238 932 1481 983 obprimeret

129 997 311 1044 armatos,
338 1004 358 1030 a
380 991 523 1042 quibus
544 992 697 1029 moenia
718 991 993 1030 seruabantur.
1035 991 1130 1030 VIII.
1152 991 1335 1030 Bitumen
1352 1018 1424 1043 Quae
1438 1018 1622 1043 Speciesme.

129 1050 295 1102 sulphur
315 1052 440 1102 picem
462 1050 650 1101 liquidam
671 1049 814 1103 oleum,
837 1050 941 1101 quod
962 1050 1246 1089 incendiarium
1269 1063 1335 1089 110-
1350 1048 1623 1099 ¹23³gffi‘ssssffm?⁵fifmff.⁰

129 1115 230 1162 cant,
263 1109 309 1148 ad
337 1109 558 1149 exurendas
584 1109 758 1148 hostium
786 1109 984 1147 machinas
1012 1111 1199 1148 conuenit
1225 1122 1335 1161 prae·
1351 1113 1414 1127 mm·

128 1170 277 1221 parari3
317 1169 363 1207 ad
396 1180 501 1207 arma
540 1168 715 1206 facienda
755 1168 905 1206 ferrum
944 1169 1154 1219 utriusque
1188 1175 1479 1220 temperaturae

130 1234 168 1266 et
195 1227 386 1266 carbones
413 1232 624 1266 seruantur
650 1228 691 1265 in
723 1227 913 1279 conditis,
946 1227 1048 1278 ligna
1083 1240 1240 1279 quoque
1273 1228 1479 1268 hastilibus

131 1288 362 1337 sagittisque
385 1288 608 1325 necessaria
634 1292 895 1337 reponuntur.
940 1286 1038 1325 Saxa
1065 1287 1231 1325 rotunda
1260 1287 1306 1325 de
1333 1287 1478 1339 ssuuiis,

129 1347 217 1397 quia
239 1358 310 1397 pro
332 1345 526 1384 soliditate
547 1346 728 1396 grauiora
749 1350 841 1384 sunt
862 1350 900 1384 et
928 1347 1077 1396 aptiora
1107 1346 1367 1398 mittentibus,
1394 1346 1478 1385 dili·
1500 1357 1534 1382 20

127 1406 354 1456 gentissime
380 1404 635 1456 colliguntur,
660 1416 705 1442 ex
734 1403 877 1455 quibus
905 1405 1008 1442 muri
1035 1404 1241 1455 replentur
1267 1410 1306 1444 et
1329 1412 1479 1458 turres3

129 1465 287 1503 minima
314 1463 359 1502 ad
386 1463 526 1502 fundas
551 1465 634 1502 siue
663 1462 867 1502 sustihalos
892 1462 955 1501 uel
975 1463 1156 1502 manibus
1179 1465 1372 1516 iacIenda,
1400 1477 1477 1503 ma-

128 1524 208 1561 iora
230 1535 300 1574 per
321 1534 487 1574 onagros
510 1523 746 1574 diriguntur,
774 1523 940 1560 maxima
963 1535 1059 1561 uero
1081 1523 1254 1574 pondere
1276 1524 1478 1575 formaque

151 1623 194 1659 V.
221 1624 261 1659 L.
341 1628 361 1658 3
388 1624 547 1668 pabulae
575 1623 658 1669 quis
679 1625 713 1657 α’
740 1624 879 1668 pabula
906 1623 989 1667 quis
1006 1624 1039 1659 G
1065 1625 1277 1668 pabulaque
1304 1625 1385 1659 sunt
1410 1625 1473 1670 λΙ)1

126 1684 161 1715 p.
189 1670 298 1715 equis
319 1670 401 1706 sunt]
426 1672 472 1717 P2
587 1675 608 1705 4
638 1671 724 1716 [ae]
753 1672 775 1705 ὃ
885 1675 904 1705 6
931 1670 1011 1705 usui
1038 1672 1095 1705 sP
1119 1672 1186 1717 [u.]
1216 1673 1255 1706 Π
1277 1673 1322 1706 de
1349 1672 1421 1706 suis
1451 1673 1481 1706 V

127 1718 200 1753 suis
210 1718 248 1752 D
297 1718 410 1764 [Nam
427 1719 696 1763 -—='persuadet]
723 1719 889 1762 suspicor
940 1722 957 1752 7
987 1718 1177 1753 uirdiariis
1193 1732 1215 1753 α
1242 1718 1430 1754 uiridariis
1443 1722 1481 1753 Π

126 1765 475 1808 11iridiariif3P(in
493 1767 559 1800 hoc
579 1777 656 1800 unct
677 1777 756 1800 cum
782 1766 973 1800 hortorum
1001 1777 1088 1800 cura
1114 1767 1154 1800 in
1175 1767 1249 1801 loeo
1270 1770 1386 1809 eraso)
1406 1767 1477 1801 uir-

126 1812 288 1847 diriariis
309 1816 327 1847 λ
426 1816 446 1847 8
473 1813 531 1858 ae]
561 1815 625 1847 aut
650 1813 711 1847 aP
733 1814 771 1847 et
794 1814 904 1856 uulsso
1005 1813 1064 1859 [ae
1097 1813 1321 1858 uoluptatis]
1349 1813 1395 1848 R.
1424 1814 1477 1848 M.

126 1859 335 1895 uoluntatis
355 1861 394 1894 D
464 1864 505 1894 10
526 1872 591 1904 per
610 1860 782 1906 idoneos]
803 1872 838 1904 p.
861 1860 884 1894 i.
905 1860 1164 1904 procuratores
1180 1862 1291 1905 uulyo
1356 1865 1396 1895 11
1419 1873 1479 1896 co-

126 1907 208 1952 pias
232 1907 407 1953 [seruare]
436 1908 458 1941 δ
484 1907 591 1951 copia
617 1906 640 1941 s.
662 1908 696 1941 α’
724 1906 871 1952 copiam
899 1907 922 1940 s.
950 1910 967 1940 λ
997 1908 1087 1942 Par.
1107 1911 1204 1943 6503
1351 1919 1479 1953 coepe-

125 1956 212 1989 rant
235 1968 259 1989 oc
335 1959 376 1989 13
403 1954 522 1999 portis
542 1967 569 1989 π
596 1954 703 1989 fortis
723 1955 786 2000 Αμ
812 1954 919 1989 fortis
941 1955 974 1989 G
1055 1955 1136 1990 CAP.
1165 1954 1261 1990 VIII.
1304 1959 1346 1989 16
1373 1967 1478 1999 prae-

125 2013 256 2046 parare
283 2004 301 2035 λ
365 2006 408 2036 21
436 2002 679 2046 replebuntur
704 2004 743 2036 Π
801 2005 843 2036 22
872 2001 918 2035 ad
945 2002 1081 2036 fundas
1102 2002 1177 2036 siue
1204 2002 1400 2037 fustibalos
1419 2004 1479 2037 π’λ

126 2049 173 2084 ad
197 2048 314 2084 funda,
339 2049 413 2084 siue
439 2048 634 2084 fustibalos
655 2050 688 2083 α’
722 2048 837 2083 funda
862 2048 937 2083 siue
964 2049 1150 2084 fustibalis
1172 2050 1205 2084 G
1241 2048 1381 2084 fundiis
1402 2049 1478 2084 siue

125 2096 325 2132 fustibaliis
349 2098 385 2131 P
480 2100 523 2131 23
550 2096 759 2141 diriguntur
786 2096 961 2141 [maxima
981 2117 1024 2121 —
1045 2096 1279 2142 digeruntur]
1308 2098 1369 2131 εΠ
1376 2097 1409 2130 V

153 2180 186 2214 S.
214 2180 253 2214 L.
343 2184 360 2213 1
389 2178 633 2225 adminiculo]
661 2177 862 2214 aminiculo
889 2180 928 2212 H
1000 2183 1018 2213 2
1046 2178 1212 2223 impensa
1238 2181 1277 2213 Π
1348 2183 1368 2213 3
1395 2190 1478 2214 eon-

128 2226 306 2273 gerenda]
335 2227 556 2262 eonierenda
581 2229 618 2261 Π
691 2230 712 2260 4
738 2225 929 2270 apportari
956 2227 995 2259 H
1068 2229 1110 2260 10
1136 2226 1347 2271 pereclitati
1368 2228 1476 2271 (-tate

128 2273 192 2318 δή)
219 2286 243 2307 οι
295 2277 336 2309 12
364 2273 486 2309 sextus
509 2276 547 2308 Π
614 2278 656 2308 13
686 2273 914 2318 opprimeret
939 2275 1005 2317 μΠ
1066 2273 1147 2308 ΟΑΡ.
1176 2273 1271 2308 VIII.
1314 2277 1357 2307 14
1385 2274 1477 2311 Bi}

127 2322 254 2355 tumen
281 2323 319 2355 Π
428 2324 469 2356 15
497 2321 646 2366 sulphor
671 2321 720 2367 Al
751 2320 865 2355 sulfur
891 2322 929 2354 Π
1043 2320 1326 2366 incendiarium]
1354 2321 1476 2357 incen-

129 2367 272 2402 diarum
299 2381 322 2402 α
422 2372 463 2404 19
489 2368 707 2415 necessaria]
733 2367 956 2404 necessariae
983 2379 1006 2401 α
