1638 2620
638 121 718 156 Lib.
746 121 808 164 III,
835 125 867 156 2.
894 124 926 156 3.
1400 118 1455 159 69

113 222 296 262 foeditate
318 223 464 260 uitiatis
484 220 692 259 haustibus
713 225 752 259 et
772 223 861 259 aere
883 224 1070 271 corrupto
1096 219 1457 271 perniciosissimus

112 283 287 320 nascitur
319 279 498 332 morbus,
531 281 599 330 qui
631 279 833 330 prohiberi
867 291 942 317 non
976 283 1107 330 potest
1134 278 1247 317 aliter
1273 279 1349 316 nisi
1382 277 1456 316 fre-

112 342 248 391 quenti
279 340 495 378 mutatione
529 343 761 377 castrorum.

228 398 293 437 III.
326 397 432 436 Ordo
458 396 641 449 postulat,
667 403 711 435 ut
738 397 784 436 de
819 402 1037 436 commeatu
1069 395 1212 448 pabulo
1239 395 1317 433 sru-
1335 420 1608 448 Quantafflapfflui.

116 459 340 508 mentisque
363 456 526 495 dicatur.
561 455 725 507 Saepius
746 458 850 494 enim
871 457 1034 507 penuria
1057 467 1172 507 quam
1193 466 1323 506 pugna
1338 451 1606 507 ssssffssdffmpgssffi

116 518 314 555 consumit
330 517 558 566 exercitum,
575 520 612 553 et
628 515 733 552 ferro
752 515 907 553 saeuior
928 515 1048 554 sames
1069 519 1139 553 est.
1173 513 1320 552 Deinde
1337 510 1380 531 ¹¹⁶¹
1396 509 1533 531 smmum·

115 575 280 626 reliquis
303 574 458 613 casibus
479 579 608 625 potest
628 575 667 611 in
689 580 866 624 tempore
889 573 1106 626 subueniri,
1121 572 1317 624 pabulatio
1340 578 1378 611 et
1398 585 1463 611 an-

116 646 218 672 nona
239 635 278 672 in
300 635 535 672 necessitate
562 633 780 671 remedium
806 644 883 671 non
904 632 1061 684 habent,
1082 634 1159 671 nisi
1179 637 1268 670 ante
1295 631 1463 671 condan-

115 698 190 732 tur.
242 692 284 731 In
313 694 418 731 omni
446 692 693 743 expeditione
720 703 843 730 unum
872 697 931 730 est
957 698 996 730 et
1022 693 1234 730 maximum
1261 691 1394 742 telum,
1421 696 1465 729 ut

113 751 185 790 tibi
214 752 383 790 sufficiat
408 752 551 802 uictus,
577 750 710 789 hostes
732 751 884 802 frangat
903 752 1044 802 inopia.
1084 750 1183 789 Ante
1204 751 1324 801 igitur
1346 762 1460 801 quam
1485 760 1518 784 10

113 810 323 849 inchoetur
355 809 519 861 bellum⁷
552 809 599 848 de
626 811 749 861 copiis
777 811 1038 861 expensisque
1067 809 1204 848 sollers
1233 808 1349 847 debet
1376 821 1462 847 esse

113 875 316 921 tractatus,
329 875 372 908 ut.
384 868 523 919 pabula
539 869 780 907 frumentum
797 874 1030 920 ceteraeque
1047 869 1284 906 annonariae
1299 869 1464 919 species,

114 940 210 980 quas
232 941 251 966 a
273 927 583 979 prouincialibus
610 928 853 966 consuetudo
876 928 1070 979 deposcit,
1091 928 1285 965 maturius
1308 928 1464 978 exigan-

112 994 178 1026 tur
205 993 243 1025 et
269 989 307 1025 in
335 988 542 1038 oportunis
569 986 613 1025 ad
642 999 726 1024 rem
753 987 964 1037 gerendam
992 999 1035 1025 ac
1067 987 1341 1025 munitissimis
1368 985 1464 1024 locis

113 1046 278 1097 amplior
312 1057 467 1097 semper
500 1046 657 1098 modus,
690 1058 805 1096 quam
840 1046 1001 1098 sufficit,
1035 1045 1283 1096 adgregetur.
1351 1044 1461 1090 Quod
1486 1055 1517 1079 15

116 1106 147 1143 si
175 1105 320 1143 tributa
349 1105 553 1157 deficiunt,
579 1111 790 1156 prorogato
811 1117 906 1143 auro
928 1104 1175 1156 conparanda
1203 1108 1295 1142 sunt
1321 1105 1461 1142 omnia.

115 1163 251 1215 Neque
279 1165 381 1202 enim
410 1164 637 1203 diuitiarum
665 1176 802 1202 secura
830 1166 1027 1215 possessio
1055 1170 1131 1215 est,
1164 1164 1238 1201 nisi
1266 1175 1465 1201 armorum

115 1223 343 1261 defensione
366 1228 561 1261 seruetur.
594 1222 842 1273 Frequenter
857 1229 987 1262 autem
1009 1223 1224 1261 necessitas
1245 1223 1466 1273 geminatur

116 1288 155 1320 et
187 1281 338 1320 obsidio
373 1293 487 1332 saepe
521 1282 563 1319 fit
596 1282 765 1334 longior,
793 1295 909 1333 quam
936 1283 1106 1333 putaris,
1133 1293 1221 1320 cum
1249 1280 1466 1319 aduersarii

118 1342 232 1379 etiam
266 1342 341 1391 ipsi
368 1342 591 1378 esurientes
619 1341 900 1380 circumsidere
928 1354 1005 1379 non
1034 1341 1214 1379 desinant
1242 1352 1338 1391 quos
1367 1340 1466 1378 same
1488 1351 1521 1376 20

119 1405 278 1451 sperant
312 1411 397 1438 esse
431 1399 658 1438 uincendos.
716 1400 926 1438 Praeterea
953 1399 1139 1450 quicquid
1167 1400 1206 1437 in
1233 1411 1376 1450 pecore
1404 1398 1467 1437 uel

120 1470 367 1509 quacumque
395 1458 507 1509 fruge
536 1459 709 1509 uinoque
736 1458 859 1497 hostis
887 1459 1063 1497 inserens
1084 1458 1230 1496 bellum
1252 1457 1296 1496 ad
1319 1459 1468 1496 uictum

120 1529 233 1556 suum
274 1519 420 1568 poterit
457 1529 669 1569 occupare,
708 1530 785 1555 non
826 1517 951 1556 solum
991 1517 1200 1556 admonitis
1239 1529 1309 1567 per
1342 1516 1468 1555 edicta

135 1606 178 1642 V.
205 1606 245 1641 L.
344 1611 364 1640 2
391 1607 604 1651 frequenter
632 1607 690 1642 sP

209 1653 292 1688 CAP.
319 1654 381 1688 III.
483 1657 505 1687 4
533 1656 740 1689 commeatu
768 1654 907 1700 pabulo
933 1654 1202 1698 frumentisque
1223 1655 1246 1688 ὃ
1271 1654 1471 1689 commeati

116 1701 289 1746 (comeati
317 1703 354 1746 μ)
388 1701 528 1745 pabulo
555 1702 754 1736 frumentis
774 1702 838 1747 ,Αμ
871 1701 1117 1736 commeantis
1144 1701 1283 1747 pabulo
1310 1701 1469 1736 frumen-

113 1747 233 1792 tisque
261 1749 301 1782 H
331 1749 541 1782 commeatu
571 1748 720 1793 pabulis
747 1749 1011 1794 frumentisque
1039 1750 1075 1783 P
1106 1751 1315 1783 commeatu
1341 1749 1470 1793 pabuli

112 1794 364 1839 frumentique
392 1795 423 1829 G
495 1796 596 1868 9terst
623 1799 660 1831 et
684 1798 722 1830 π’
750 1797 851 1832 extet
877 1797 977 1842 GpP
1001 1797 1103 1831 exter
1123 1797 1158 1830 A
1226 1796 1358 1842 telum]
1387 1807 1470 1830 cou-

536 1851 549 1869 e

106 1876 228 1911 silium
255 1877 316 1912 aP
400 1881 442 1912 10
469 1878 538 1913 hos
589 1881 626 1913 H
708 1883 748 1913 11
780 1879 929 1925 [copiisi
959 1882 977 1913 λ
1060 1878 1295 1923 expensisque
1322 1878 1467 1924 soilers]

108 1924 278 1969 expensis
293 1924 340 1959 fit
359 1925 575 1969 procuratio
597 1937 692 1970 quae
714 1926 827 1961 solers
843 1929 862 1960 λ
919 1922 963 1960 ‘12
985 1926 1186 1971 tractatus]
1212 1925 1472 1960 contractusH

760 1983 817 2002 eon

202 2000 245 2030 14
273 1996 335 2041 [ad
361 2007 439 2030 rem
466 1997 560 2041 ger]
588 1999 605 2030 λ
706 2001 748 2031 15
784 1998 984 2042 agregetur
1005 1998 1044 2031 H
1142 2001 1183 2031 19
1212 1997 1265 2042 et]
1292 1996 1322 2031 si
1348 1999 1387 2031 H

105 2043 259 2087 putatur
284 2045 302 2076 λ
399 2047 442 2077 21
471 2042 654 2088 quidquid
681 2045 729 2090 Α1
761 2044 930 2088 quicquit,
955 2046 1003 2089 Hl

130 2124 163 2158 S.
191 2125 231 2159 L.
309 2129 325 2159 1
354 2126 510 2161 feditate
537 2126 628 2160 A'H
697 2126 848 2161 uiciatis
869 2127 918 2171 Al
999 2126 1166 2161 austibus
1190 2139 1213 2160 α
1283 2125 1466 2171 pernicio-

105 2171 279 2218 sissimus]
307 2172 629 2217 pernitiosissimus
650 2174 696 2208 A’
721 2173 1033 2218 perniciosissimis
1055 2173 1109 2218 Ml

200 2219 281 2254 CAP.
309 2219 370 2253 III.
447 2225 467 2255 6
493 2221 629 2267 fames]
657 2220 768 2255 famis
788 2222 851 2265 Αμ
932 2225 950 2255 7
978 2220 1184 2266 subueniri]
1213 2220 1406 2256 subuenire
1435 2234 1460 2265 μ

202 2270 245 2300 10
271 2267 410 2312 uictus]
436 2268 538 2303 uictu
565 2269 600 2302 α’
698 2268 839 2313 hostes]
867 2267 985 2303 hostis
1006 2268 1041 2301 α’
1142 2272 1183 2302 12
1212 2268 1457 2314 annonariae]

104 2314 307 2348 annonaria
332 2314 368 2348 A
445 2319 486 2350 13
513 2315 805 2359 prouintialibus
825 2329 850 2360 μ
926 2319 968 2361 14
995 2315 1040 2349 ad
1066 2315 1160 2361 rem]
1187 2326 1314 2360 regem
1340 2316 1390 2350 M

106 2364 148 2394 16
175 2362 426 2406 comparanda
451 2362 541 2396 A'H
626 2366 668 2397 17
695 2362 914 2398 diuiciarum
943 2363 976 2396 A
1062 2367 1106 2397 22
1133 2362 1266 2409 hostis]
1295 2362 1394 2398 hosti
1421 2363 1459 2396 H
