1638 2620
561 99 640 135 Lib.
668 99 713 142 11,
743 102 795 133 10.
824 102 876 134 11.
905 102 960 133 12.
1361 99 1418 139 45

78 197 323 249 procurabat.
372 196 409 234 Is
435 201 524 247 post
548 196 703 247 longam
729 196 1010 248 probatamque
1032 196 1206 235 militiam
1228 197 1418 247 peritissi-

77 269 165 296 mus
186 258 360 295 omnium
379 254 593 306 legebatur,
613 261 657 294 ut
676 260 784 294 recte
805 255 965 294 doceret
984 256 1079 294 alios
1100 255 1204 306 quod
1225 257 1308 305 ipse
1330 267 1420 293 cum

76 316 189 354 laud-e
210 316 379 353 fecisset.
420 313 483 352 XI.
511 313 637 352 Habet
662 319 866 365 praeterea
885 314 986 365 legio
1007 314 1137 353 fabros
1158 315 1279 363 tigna·
1293 338 1332 359 De
1345 338 1426 359 officio
1442 339 1565 364 praefecti

76 375 157 412 rios
172 378 391 412 structores
405 374 671 423 carpentarios
690 373 887 425 ferrarios,
902 375 1075 424 pictores
1089 373 1278 424 reliquos·
1294 368 1433 389 f³b¹‘⁰”¹²¹¹¹'

77 445 154 484 que
174 433 343 471 artifices
358 431 405 470 ad
425 430 682 470 hibernorum
703 432 878 470 aedificia
898 432 1132 485 fabricanda,
1156 432 1202 470 ad
1223 430 1421 469 machinas
1441 439 1457 463 5

77 496 208 530 turres
240 490 388 542 ligneas
421 495 641 540 ceteraque,
675 490 819 541 quibus
848 491 913 529 uel
939 496 1213 542 expugnantur
1239 490 1421 529 aduersa-

77 551 225 588 riorum
254 551 434 588 ciuitates
460 548 524 587 uel
551 549 818 587 defenduntur
843 552 1036 602 propriae,
1063 555 1327 601 praeparatos⁷
1355 549 1422 599 qui

76 621 182 647 arma
203 608 384 648 uehicula
405 614 612 659 ceteraque
640 620 784 659 genera
806 613 1091 647 tormentorum
1115 608 1178 647 uel
1198 620 1301 646 noua
1321 608 1421 646 face-

76 672 166 706 rent
192 667 256 706 uel
283 672 463 718 quassata
489 672 731 717 repararent.
774 665 978 706 Habebant
1004 669 1119 706 etiam
1146 667 1313 705 fabricas
1334 678 1422 704 scu-

78 728 195 765 tarias
239 727 440 764 loricarias
485 727 700 777 arcuarias,
745 727 784 764 in
828 725 972 776 quibus
1012 728 1174 777 sagittae
1218 725 1422 764 missibilia
1442 733 1476 758 10

78 785 250 824 cassides
271 786 480 835 omniaque
496 796 693 823 armorum
716 796 860 835 genera
880 784 1160 823 formabantur.
1193 784 1297 822 Haec
1318 785 1424 822 enim

78 852 161 882 erat
182 856 275 882 cura
295 845 519 895 praecipua,
542 848 586 882 ut
607 843 794 894 quicquid
816 845 1008 883 exercitui
1028 845 1295 882 necessarium
1316 843 1424 881 uide-

77 902 193 941 batur
232 914 444 953 numquam
485 902 640 940 deesset
678 904 716 941 in
756 903 915 954 castris,
957 915 1083 953 usque
1123 915 1187 954 eo,
1226 907 1269 940 ut
1308 903 1424 940 etiam

80 961 342 1000 cunicularios
374 961 576 1012 haberent,
611 963 677 1012 qui
710 961 756 999 ad
789 973 939 1000 morem
966 961 1177 999 Bessorum
1205 961 1322 999 ducto
1350 959 1424 998 sub

78 1022 196 1059 terris
236 1019 418 1059 cuniculo
457 1022 661 1071 murisque
701 1021 804 1058 intra
844 1020 1095 1059 fundamenta
1140 1020 1330 1071 perfossis
1367 1020 1423 1057 in-
1445 1027 1478 1052 15

78 1081 229 1130 prouisi
245 1085 494 1130 emergerent
507 1079 553 1117 ad
573 1079 693 1117 urbes
708 1079 880 1118 hostium
897 1079 1115 1130 capiendas.
1144 1078 1292 1116 Horum
1308 1078 1425 1116 iudex

77 1140 262 1189 proprius
284 1144 367 1176 erat
387 1138 610 1189 praefectus
631 1137 794 1177 fabrum.
828 1138 909 1176 XII.
936 1138 1079 1176 Decem
1100 1138 1283 1176 cohortes
1298 1163 1335 1183 De
1364 1162 1446 1182 „fficio
1469 1163 1567 1182 tribum

77 1197 222 1235 habere
244 1198 413 1236 diximus
439 1197 642 1247 legionem.
689 1196 764 1235 Sed
792 1199 916 1247 prima
944 1203 1027 1235 erat
1047 1197 1222 1249 miliaria,
1242 1192 1415 1234 mmmmm.

79 1268 154 1306 qua
181 1269 301 1295 censu
336 1268 479 1305 genere
519 1255 659 1294 litteris
702 1257 826 1294 forma
865 1257 1013 1294 uirtute
1053 1255 1244 1306 pollentes
1283 1254 1425 1292 milites

78 1314 346 1353 mittebantur.
395 1314 494 1352 Huic
524 1315 706 1353 tribunus
733 1322 913 1366 praeerat
933 1327 1131 1353 armorum
1153 1315 1327 1365 scientia⁷
1348 1315 1425 1351 uir·
1447 1322 1480 1346 20

79 1379 163 1412 tute
179 1375 366 1424 corporis,
376 1385 529 1411 morum
544 1373 747 1412 honestate
760 1376 1008 1424 praecipuus.
1030 1373 1216 1423 Reliquae
1232 1373 1426 1422 cohortes,

80 1438 198 1483 prout
223 1433 393 1484 principi
418 1431 641 1483 placuisset,
674 1444 693 1469 a
721 1432 891 1471 tribunis
918 1432 983 1470 uel
1010 1444 1028 1469 a
1056 1433 1290 1482 praepositis
1317 1443 1426 1481 rege-

81 1491 234 1530 bantur.
292 1491 322 1528 T
327 1497 415 1529 anta
454 1497 582 1529 autem
622 1490 856 1530 seruabatur
895 1491 1104 1529 exercendi
1143 1490 1287 1528 milites
1320 1501 1426 1542 cura,

104 1615 147 1651 V.
175 1616 215 1650 L.
267 1615 348 1650 CAP.
376 1615 436 1650 XI.
488 1619 507 1649 3
535 1615 715 1660 lignarios
735 1629 761 1652 π
835 1621 856 1650 4
882 1615 1038 1661 pistores
1055 1618 1093 1649 H
1116 1614 1302 1660 picatores
1316 1615 1425 1650 Kort-

80 1664 154 1698 tius
234 1666 253 1696 5
282 1662 451 1698 aedificia
479 1663 569 1708 fab]
600 1663 871 1698 edificationem
897 1663 1150 1697 fabricandam
1178 1665 1216 1696 H
1287 1661 1426 1696 machi-

78 1709 148 1744 nas
170 1711 207 1744 et
231 1709 354 1744 turres
376 1712 414 1744 H
509 1714 529 1744 8
556 1710 657 1755 ueb.]
686 1711 748 1754 qui
776 1710 947 1745 uehicula
972 1711 1034 1744 aP
1130 1715 1148 1744 9
1177 1709 1302 1753 quassa
1328 1711 1367 1743 Π

83 1761 126 1792 10
153 1755 304 1791 missilia
330 1768 420 1791 eorr.
448 1769 491 1792 ex
516 1756 707 1791 missibilia.
733 1760 770 1791 H
868 1762 909 1792 12
937 1756 1140 1792 necessariu
1167 1758 1232 1798 ita,
1259 1760 1298 1790 ut
1323 1757 1362 1790 iu
1389 1757 1426 1790 ive

82 1805 103 1839 Ζ.
131 1816 177 1839 er.
206 1809 384 1847 appareat
411 1805 461 1838 M
605 1809 646 1838 17
674 1805 788 1849 praef.
810 1805 958 1840 fabrum
985 1818 1008 1838 α
1047 1804 1176 1849 [praef.
1203 1803 1365 1849 fabrum]
1392 1805 1431 1837 H

80 1852 193 1896 praef.
222 1851 411 1886 fabrorum
433 1852 568 1896 G223P
663 1853 744 1887 CAP.
772 1852 850 1886 XII.
902 1856 944 1887 18
971 1851 1130 1886 diximus
1152 1851 1286 1885 habere
1311 1850 1427 1895 legio-

81 1909 167 1933 nem
196 1900 234 1932 H
339 1902 380 1933 19
407 1898 610 1944 pollentes]
638 1899 858 1943 pollicentes
881 1914 905 1944 μ
1012 1903 1055 1933 20
1083 1898 1283 1943 armorum]
1312 1909 1429 1932 arma.-

75 1947 205 1994 ›torum
231 1946 277 1980 A'
399 1950 443 1980 23
471 1946 710 1981 seruas-antur
735 1946 779 1981 A'
904 1946 1096 1981 exercendi
1132 1945 1269 1979 milites
1302 1957 1329 1979 c.
1356 1945 1434 1979 AH

84 2004 112 2028 e.
140 1992 273 2028 militis
296 2004 324 2027 e.
342 1994 391 2027 M
415 1993 629 2028 exercendis
651 1993 834 2028 militibus
856 2005 883 2028 e.
901 1995 960 2028 ὂΡ
983 1993 1114 2028 militis
1135 2004 1164 2027 e.
1193 1992 1430 2027 exercendiG

110 2111 144 2146 S.
171 2111 209 2147 L.
310 2116 325 2145 1
355 2111 404 2157 is]
434 2111 492 2145 his
514 2125 537 2145 α
648 2110 729 2146 CAP.
758 2111 819 2146 XI.
871 2116 891 2145 4
919 2110 1135 2156 structores]
1162 2110 1374 2144 istructores
1396 2110 1431 2144 A

178 2158 357 2204 pictores]
386 2159 540 2203 pictoris
565 2160 611 2193 M
719 2163 738 2194 5
766 2159 933 2193 artefices
954 2160 1002 2204 Al
1118 2156 1303 2203 aedificia]
1331 2158 1430 2191 aedi-

86 2240 134 2274 fia
154 2240 201 2284 Al
282 2245 300 2275 7
328 2241 585 2287 praeparatos]
612 2241 831 2285 preparatus
854 2242 893 2274 H
963 2243 983 2274 8
1010 2214 1148 2274 faceret
1168 2240 1203 2273 A
1276 2244 1318 2274 10
1344 2238 1429 2273 lori-

88 2286 224 2333 carias]
251 2287 411 2323 lucarias
433 2302 457 2322 oc
532 2293 575 2322 14
603 2289 730 2334 ducto]
758 2290 871 2322 ductu
898 2290 935 2321 H
1010 2291 1050 2320 15
1078 2286 1210 2332 muris]
1239 2287 1363 2322 muros
1384 2287 1429 2322 A’

180 2333 372 2381 inprouisi]
402 2335 552 2380 inprobi
578 2335 760 2380 (inprobis
783 2337 828 2381 G)
855 2335 882 2369 si
909 2348 932 2368 α
958 2336 1113 2379 imprOU.
1142 2336 1181 2367 H
