1638 2620
149 762 182 786 10

201 122 256 163 84
756 122 836 158 Lib.
864 123 926 168 ΙΙΙ,
953 127 985 158 8.

201 227 267 260 aut
301 221 491 261 tredecim
523 221 690 273 pedibus
718 221 793 272 uel,
828 223 859 259 si
887 222 1009 260 maior
1036 221 1355 262 aduersariorum
1383 225 1442 262 uis
1470 236 1549 262 mea

201 282 338 333 tuitur,
365 280 532 331 pedibus
559 280 694 319 decem
722 285 761 318 et
788 285 951 332 septem,
988 302 1037 307 —-
1072 282 1261 332 imparem
1287 283 1390 321 enim
1413 295 1549 321 nume-

201 352 290 379 rum
317 339 522 378 obseruari
547 340 668 377 moris
693 344 753 377 est
774 353 846 391 —3
874 344 968 378 tunc
989 339 1174 390 saepibus
1196 340 1324 379 ductis
1344 340 1409 379 uel
1428 342 1549 380 inter-

200 400 340 449 positis
361 397 563 448 stipitibus
584 399 782 448 ramisque
799 397 996 450 arborum,
1018 410 1066 436 ne
1086 404 1190 437 terra
1212 399 1322 438 facile
1345 399 1550 452 dilabatur,

203 469 319 508 agger
340 458 525 508 erigitur,
553 469 671 507 supra
693 469 810 508 quem
832 456 878 495 ad
900 456 1199 496 similitudinem
1219 460 1322 497 muri
1350 465 1388 497 et
1408 459 1549 510 pinnae

202 522 241 554 et
274 515 567 567 propugnacula
600 520 891 566 conponuntur.
943 515 1052 567 Opus
1080 528 1175 555 uero
1204 518 1458 556 centuriones
1484 517 1549 555 de-

203 575 402 625 cempedis
441 576 676 627 metiuntur,
719 587 766 613 ne
808 576 939 613 minus
978 574 1120 613 foderit
1159 581 1225 614 aut
1258 577 1454 615 errauerit
1486 575 1550 614 ali-

203 636 316 673 cuius
355 635 527 686 ignauia,
570 638 609 672 et
647 633 797 672 tribuni
830 635 1078 672 circumeunt
1117 646 1188 672 nec
1222 640 1310 673 ante
1344 634 1552 674 discedunt

203 694 270 744 qui
310 694 462 731 strenui
502 699 611 744 sunt,
657 705 771 743 (litam
818 692 966 731 suerint
1014 694 1200 731 uniuersa
1249 693 1433 744 perfecta.
1496 693 1552 732 Ne

204 757 333 791 tamen
366 751 507 803 aliquis
540 757 806 802 superuentus
833 751 1102 790 laborantibus
1130 752 1203 802 liat,
1237 764 1372 791 omnes
1400 753 1553 803 equites

203 817 242 850 et
273 823 363 861 pars
397 810 590 862 peditum,
624 823 721 861 quae
756 823 833 848 uon
866 817 1073 862 operatur,
1112 810 1319 862 priuilegio
1353 811 1553 862 dignitatis

203 876 293 908 ante
327 870 470 908 fossam
510 871 550 908 in
592 871 800 920 procinctu
838 876 984 908 armata
1023 871 1202 908 consistit
1242 877 1279 909 et
1322 872 1552 921 ingruentes

203 928 357 980 repellit
383 930 575 967 inimicos.
626 928 756 967 Prima
783 930 902 979 igitur
929 930 1038 979 signa
1065 928 1161 967 locis
1188 930 1270 967 suis
1296 930 1398 967 intra
1426 934 1554 968 castra

203 994 417 1041 ponuntur,
445 989 535 1039 quia
565 987 659 1026 nihil
686 994 746 1026 est
773 987 1041 1026 uenerabilius
1067 1000 1204 1026 eorum
1233 989 1433 1027 maiestate
1456 988 1552 1026 mili-

168 1057 183 1081 ῦ
206 1046 327 1098 tibus,
362 1047 453 1086 duci
480 1048 720 1098 praetorium
755 1048 918 1098 eiusque
947 1046 1156 1086 comitibus
1187 1053 1453 1099 praeparatur,
1486 1048 1553 1085 tri—

203 1106 321 1145 bunis
361 1105 612 1145 tabernacula
652 1105 926 1157 conlocantur,
966 1105 1108 1157 quibus
1147 1118 1218 1157 per
1251 1105 1554 1145 contubernales

204 1165 412 1216 deputatos
445 1165 491 1204 ad
524 1177 687 1203 munera
722 1177 820 1215 aqua
854 1164 1001 1216 lignum
1032 1170 1070 1202 et
1102 1164 1243 1215 pabula
1270 1166 1553 1203 ministrantur.

204 1223 315 1263 Tunc
348 1236 418 1275 pro
452 1224 575 1275 gradu
608 1223 828 1275 legionibus
862 1229 900 1262 et
938 1223 1109 1274 auxiliis,
1148 1223 1346 1275 equitibus
1380 1229 1417 1262 et
1449 1223 1554 1274 pedi-

204 1283 310 1322 tibus
349 1283 449 1335 loca,
494 1284 534 1321 in
574 1282 718 1334 quibus
760 1282 977 1334 papiliones
1018 1283 1195 1335 tendant,
1238 1282 1477 1333 deputantur
1515 1284 1555 1321 in

151 1364 166 1387 2
207 1344 359 1394 castris,
386 1355 429 1381 ac
451 1342 497 1380 de
520 1341 684 1393 singulis
706 1343 897 1380 centuriis
921 1343 1103 1393 quaterni
1124 1344 1276 1393 equites
1308 1348 1346 1380 et
1376 1342 1556 1392 quaterni

206 1401 357 1452 pedites
402 1400 630 1439 excubitum
681 1400 861 1439 noctibus
902 1401 1060 1439 faciunt.
1117 1400 1166 1439 Et
1199 1403 1288 1451 quia
1327 1399 1555 1451 inpossibile

232 1491 272 1526 V.
301 1491 339 1524 L.
418 1496 434 1525 1
462 1493 648 1525 metuetur
675 1493 740 1524 αΠ
816 1495 835 1524 2
865 1491 895 1524 Χ
923 1492 959 1525 et
985 1490 1053 1525 VII
1079 1491 1111 1524 L
1138 1490 1241 1525 XVII
1270 1490 1339 1535 QD
1364 1490 1502 1524 XVIIII
1518 1491 1560 1525 ‘P

206 1539 333 1573 decem
361 1539 398 1572 et
424 1538 561 1582 septem
588 1539 648 1572 uel
674 1549 807 1572 nouem
835 1538 886 1572 Sc.
913 1538 1027 1572 Solzw.
1110 1542 1129 1572 3
1159 1537 1349 1572 obseruare
1376 1538 1398 1571 ὃ
1477 1539 1557 1572 tum

206 1586 308 1630 (dum
335 1596 377 1620 ea:
404 1596 493 1621 corr.
524 1586 566 1630 Q)
595 1586 651 1620 eP
721 1589 742 1619 4
768 1584 957 1630 stipitibus
980 1585 1114 1619 HVaP
1136 1585 1291 1629 stipibus
1308 1585 1380 1619 GD
1405 1584 1561 1629 stipibus

206 1634 339 1678 eoeiyua
365 1633 500 1667 lacuna
526 1644 596 1679 que
617 1633 652 1666 A
679 1631 798 1677 stipib.
828 1644 861 1676 q.
890 1633 939 1666 M
1001 1632 1204 1678 dilabatur]
1234 1643 1323 1667 corr.
1351 1633 1392 1666 in
1418 1632 1555 1666 dilabe-

206 1682 266 1715 tur
293 1681 332 1713 H
363 1679 560 1715 delabatur
590 1680 625 1713 P
697 1683 716 1714 5
743 1679 867 1724 Agger
893 1679 1009 1723 igitur
1029 1680 1115 1713 MH
1138 1690 1253 1724 agger
1279 1678 1435 1723 erigitur
1455 1679 1491 1712 P

208 1728 313 1772 super
341 1728 448 1771 uulgo
513 1732 531 1761 6
553 1726 646 1771 opus
662 1738 747 1761 uero
768 1727 804 1761 π’
827 1726 919 1771 opus
935 1740 958 1760 α
980 1727 1049 1761 hoc
1070 1726 1163 1771 opus
1178 1729 1196 1760 λ
1217 1738 1274 1771 op.
1295 1737 1384 1760 uero
1405 1737 1494 1761 corr.
1517 1727 1557 1761 in

208 1774 301 1819 opus
316 1773 387 1809 hoc
405 1774 440 1808 P
500 1774 736 1818 decempedis
754 1774 786 1807 V
804 1773 931 1808 decem
951 1773 1066 1819 pedes
1083 1774 1217 1808 sHDP
1276 1778 1293 1808 7
1322 1775 1387 1808 aut
1413 1784 1556 1808 erraue-

206 1822 255 1856 rit
275 1834 328 1866 μπ
353 1822 419 1856 aut
444 1821 642 1856 tei-raberit
668 1821 712 1856 A'
741 1822 806 1855 aut
832 1821 970 1856 eruerit
995 1822 1149 1866 Lipsius
1245 1825 1265 1856 8
1293 1821 1344 1866 et]
1373 1820 1410 1855 id
1437 1821 1498 1855 aP
1519 1820 1557 1855 id

208 1869 322 1903 etiam
342 1870 452 1913 uulyo
528 1873 568 1902 12
591 1870 628 1903 et
647 1890 683 1893 m*
703 1869 851 1913 repellit
870 1882 895 1903 π
917 1870 954 1903 et
970 1889 1011 1893 —-
1027 1869 1185 1912 repellet
1204 1882 1227 1902 α
1248 1870 1289 1903 ut
1306 1889 1345 1892 -
1362 1867 1520 1912 repellat
1539 1870 1558 1901 λ

281 1920 322 1950 15
350 1915 435 1950 duci
456 1917 684 1960 praetorium
706 1915 851 1959 eiusque
873 1915 1072 1950 comitibus
1085 1916 1191 1960 (com.
1208 1915 1269 1959 M)
1291 1928 1324 1960 p.
1348 1928 1399 1949 απ
1425 1915 1557 1949 deinde

208 1964 438 2008 praetorium
467 1964 513 2009 [e.
536 1963 582 2009 c.]
610 1976 643 2008 p.
665 1966 683 1996 λ
710 1962 841 1997 deinde
863 1963 947 1997 duci
973 1976 1026 2006 pr.
1048 1963 1161 2006 eiusq.
1185 1974 1214 1997 c.
1235 1975 1289 2007 pr.
1311 1963 1421 2007 uulgo
1494 1962 1557 1997 tri—

208 2010 318 2045 bunis
334 2013 395 2044 αΠ
423 2010 508 2044 hinc
534 2010 694 2045 tribunis
709 2013 727 2044 λ
744 2030 748 2035 -
766 2013 796 2044 Α
824 2010 981 2045 tribunis
997 2011 1034 2044 D
1054 2021 1097 2046 ac
1116 2009 1277 2044 tribunis
1296 2010 1362 2044 VP
1432 2008 1558 2044 munia

207 2059 318 2102 παῖ-(χο
388 2061 430 2092 18
457 2057 662 2103 equitibus]
686 2059 723 2091 et
743 2057 932 2101 equitibus
946 2071 973 2091 π
1035 2061 1078 2092 20
1106 2057 1276 2101 quaterni
1297 2058 1334 2091 et
1354 2056 1498 2100 equites
1510 2057 1555 2090 A'

234 2128 268 2162 S.
296 2129 335 2162 L.
414 2133 429 2163 1
458 2128 534 2174 uis]
565 2131 603 2162 ui
630 2131 667 2162 H
750 2133 769 2162 2
797 2128 963 2173 inparem
990 2141 1014 2172 μ
1100 2132 1119 2162 3
1147 2127 1292 2172 sepibus
1314 2141 1337 2160 α
1412 2132 1431 2161 6
1459 2138 1556 2162 com—

209 2178 396 2219 ponuntur
421 2178 460 2210 Π
556 2179 573 2210 7
601 2176 820 2221 metiuntur]
850 2175 1077 2210 mentiuntur
1104 2177 1143 2209 H
1233 2174 1384 2220 foderit]
1413 2175 1558 2210 foderet

209 2221 390 2265 (foederet
417 2224 479 2267 M)
508 2236 523 2257 ε
613 2227 654 2257 10
681 2223 835 2268 aliquis]
863 2222 1010 2267 aliquos
1031 2223 1065 2256 α’
1150 2221 1407 2267 superuentus]
1435 2221 1556 2266 super-

210 2270 342 2305 uentos
363 2270 426 2315 Αμ
506 2270 586 2316 fiat]
615 2270 789 2314 superfiat
815 2272 853 2304 H
936 2274 976 2303 12
1004 2269 1149 2322 fossam]
1176 2268 1268 2304 fossa
1295 2271 1333 2302 Π
1410 2267 1449 2303 in
1474 2280 1556 2313 pro-

211 2316 349 2362 cinctu]
378 2318 416 2352 in
443 2317 633 2363 procincto
653 2319 869 2362 (procnnoto
889 2317 931 2363 Q)
948 2330 963 2352 ε
992 2317 1028 2351 in
1049 2318 1279 2362 procinctum
1295 2317 1333 2349 Π
1382 2319 1424 2350 14
1447 2317 1556 2351 bene-

210 2364 364 2398 rabilius
388 2367 433 2409 Π1
538 2369 579 2399 21
609 2364 831 2410 impossibile
860 2367 897 2398 Π
