1638 2620
181 119 239 161 30
746 120 824 155 Lib.
852 121 879 164 1,
906 124 962 156 28.

180 219 249 257 otii
282 220 425 269 partim
458 218 505 257 ad
538 218 667 258 ciuilia
698 218 921 257 transduxit
951 218 1090 258 officia.
1140 218 1195 258 Ita
1229 231 1322 258 cura
1349 222 1530 260 exercitii

182 277 361 317 militaris
394 279 521 328 primo
548 276 819 328 neglegentius
846 278 919 329 agi,
952 283 1086 328 postea
1114 278 1362 330 dissimulari,
1395 279 1441 317 ad
1461 292 1528 331 po-

181 343 373 376 stremum
401 336 492 375 olim
519 339 558 375 iu
586 336 824 374 obliuionem
851 336 1040 387 perducta
1067 339 1330 389 cognoscitur,
1363 350 1435 376 nec
1462 338 1530 377 ali-

182 398 269 447 quis
302 396 377 434 hoc
410 396 614 446 superiore
642 400 767 433 aetate
794 395 982 434 accidisse
1011 396 1188 448 miretur,
1221 408 1310 435 cum
1336 403 1425 448 post
1450 399 1528 449 pri-

143 465 286 493 5mum
319 455 514 493 Punicum
552 453 697 492 bellum
736 455 876 504 uiginti
914 460 953 493 et
990 454 1095 505 quod
1130 456 1306 493 excurrit
1338 468 1529 495 annorum

178 526 253 565 pax
292 516 344 552 ita
377 514 572 552 Romanos
610 512 697 551 illos
734 512 881 564 ubique
920 514 1093 552 uictores
1131 515 1211 552 otio
1251 520 1289 552 et
1326 526 1526 554 armorum

179 572 440 611 desuetudine
474 573 744 623 eneruauerit‚
785 578 829 610 ut
860 572 1033 611 secundo
1065 571 1215 610 Punico
1248 572 1349 610 hello
1382 572 1526 612 Hanni-

178 630 255 670 hali
293 644 408 683 pares
441 643 528 669 esse
560 643 639 669 non
672 635 843 681 possent.
900 631 975 669 Tot
1012 632 1144 681 itaque
1183 631 1429 683 consulibus,
1471 638 1529 672 tot

179 689 358 742 ducibus,
394 695 449 729 tot
475 689 713 728 exercitibus
740 691 906 741 amissis,
939 695 1033 728 tunc
1062 689 1219 728 demum
1247 690 1294 728 ad
1320 692 1526 730 uictoriam

124 761 158 786 10
177 756 461 800 peruenerunt,
494 761 583 787 cum
615 761 731 787 usum
764 749 1075 799 exercitiumque
1103 748 1269 787 militare
1295 749 1527 788 condiscere

177 813 406 859 potuerunt.
449 808 614 859 Semper
635 820 728 858 ergo
754 807 910 858 legendi
931 813 970 846 et
995 807 1205 846 exercendi
1226 814 1319 846 sunt
1338 810 1525 848 iuniores.

177 866 300 906 Vilius
328 869 433 906 enim
459 872 613 906 constat
639 866 797 905 erudire
825 867 942 904 armis
973 878 1065 905 suos
1098 878 1214 917 quam
1246 867 1393 905 alienos
1424 880 1525 906 mer-

178 926 273 965 cede
307 926 540 965 conducere.

198 1052 242 1086 V.
268 1052 307 1086 L.
395 1056 414 1086 2
446 1051 597 1096 [primo]
625 1052 664 1084 H
758 1051 806 1086 ad
832 1050 1073 1096 postremum]
1102 1061 1143 1084 ac
1171 1050 1394 1094 postremum
1425 1051 1461 1084 P
1483 1062 1526 1086 ac

173 1099 356 1143 postremo
385 1100 403 1132 d
510 1103 530 1132 5
557 1098 693 1143 uiginti
719 1101 756 1133 et
783 1097 899 1143 quod]
933 1098 1033 1142 quod
1066 1097 1202 1141 biginti
1235 1099 1272 1132 et
1297 1097 1373 1132 tres
1394 1100 1430 1131 H

174 1150 194 1181 6
224 1146 343 1192 [illos]
373 1148 395 1180 ὃ
492 1149 511 1180 7
538 1145 703 1180 annibali
732 1146 767 1179 α’
866 1148 886 1178 8
915 1145 989 1190 [tot
1015 1144 1188 1190 ducibus]
1217 1147 1255 1178 H
1352 1149 1372 1179 9
1398 1147 1478 1179 tum
1504 1146 1526 1179 δ

270 1197 312 1227 12
339 1192 469 1238 uilius]
497 1192 655 1226 utilibus
676 1193 705 1238 Q
733 1192 916 1227 utiliusP

268 1241 322 1276 Fl.
349 1239 487 1284 (Flauii
508 1240 541 1274 G
566 1239 667 1274 flauii
687 1241 739 1284 D)
767 1239 904 1284 Vegati
924 1238 1073 1283 (Vegeti
1093 1252 1117 1283 μ
1144 1238 1292 1283 Vegetii
1313 1239 1365 1283 D)
1390 1239 1525 1274 Renati

172 1288 239 1322 Vir
259 1287 353 1332 (Viri
375 1288 447 1332 Gn)
473 1284 593 1321 inlust
613 1286 683 1331 (Ill.
704 1288 742 1321 D
761 1287 841 1321 IVL
865 1286 907 1331 Q)
934 1286 1099 1330 epitoma
1118 1287 1207 1331 (-th-
1232 1286 1274 1331 Q)
1302 1286 1354 1321 De
1375 1286 1523 1321 Dilectu

172 1335 240 1380 ([d.
275 1336 327 1380 d.]
364 1336 403 1380 μ)
436 1334 558 1379 Atque
590 1334 770 1378 (Antiqua
804 1335 847 1379 Q)
887 1332 1161 1368 Exercitatione
1200 1332 1449 1377 (Exercitione
1482 1334 1525 1379 Q)

172 1383 359 1426 Tyronum
388 1383 477 1426 (Tir.
505 1381 538 1416 G
566 1381 659 1427 [tir]
684 1382 735 1424 D)
763 1380 917 1424 Digesta
942 1393 965 1426 p
993 1380 1140 1415 Titulos
1160 1380 1238 1415 Lib.
1266 1381 1281 1414 Ι
1309 1380 1463 1424 (primus
1484 1382 1525 1426 μ)

172 1430 276 1474 Expl.
305 1428 443 1473 Incipit
465 1428 577 1463 Liber
598 1428 788 1463 Secundus
811 1428 859 1472 (H
878 1427 971 1472 ΒΘ)
991 1427 1049 1462 &D
1075 1427 1195 1462 Flauii
1220 1427 1362 1472 Vigetii
1387 1428 1523 1463 Renati

171 1477 252 1511 Viri
282 1476 440 1510 Illustris
467 1475 670 1520 Epithoma
700 1475 865 1519 Antiqua
897 1474 1173 1510 Exercitatione
1205 1475 1327 1520 Atque
1360 1474 1414 1509 De
1451 1475 1522 1509 De-

171 1523 281 1559 lectis
314 1525 501 1567 Tyronum
540 1522 690 1566 Digesta
728 1523 797 1557 Per
835 1522 984 1557 Titulos.
1021 1521 1132 1556 Liber
1168 1521 1316 1556 Primus
1357 1521 1519 1566 explicit.

170 1570 361 1616 Incipiunt
387 1570 560 1615 Capitula
585 1570 689 1604 Libri
715 1570 874 1605 Secundi
894 1570 931 1604 P
952 1568 1074 1603 Flauii
1100 1569 1252 1614 Vegetii
1278 1569 1415 1603 Renati
1442 1569 1522 1604 Viri

170 1652 327 1687 Illustris
348 1652 524 1698 Epitoma
548 1652 663 1686 Primi
687 1652 791 1687 Libri
811 1625 988 1697 Explicit.
1037 1651 1175 1697 Incipit
1199 1652 1311 1686 Liber
1337 1651 1530 1687 Secundus

170 1735 355 1771 Feliciter.
390 1734 578 1780 Incipiunt
614 1708 783 1780 Capituli
813 1734 916 1769 Libri
958 1734 1118 1769 Secundi
1160 1734 1194 1768 V
1228 1733 1393 1779 Explicit
1427 1733 1523 1769 liber

170 1782 318 1828 primus.
368 1782 506 1827 Incipit
530 1782 626 1817 liber
651 1782 836 1817 secundus.
885 1782 979 1817 Item
1006 1780 1172 1826 capitula
1197 1781 1283 1816 libri
1311 1780 1460 1816 secundi
1485 1783 1525 1814 H

196 1900 229 1937 S.
257 1902 297 1936 L.
374 1905 393 1935 2
420 1899 670 1945 neglegentiis
692 1902 732 1934 H
810 1903 830 1934 3
858 1900 1085 1935 oblibionem
1112 1901 1152 1933 H
1230 1902 1252 1932 4
1278 1897 1458 1933 accedisse
1486 1898 1520 1932 A

267 1952 285 1983 7
313 1948 428 1993 bello]
456 1949 483 1981 -i
509 1950 548 1982 H
667 1952 686 1982 8
714 1947 873 1992 possent]
902 1947 973 1982 -int
999 1959 1015 1981 ε
1136 1951 1155 1981 9
1183 1944 1362 1981 ammissis
1383 1947 1422 1979 H

172 1999 215 2031 10
241 1995 359 2041 usum]
390 2007 495 2029 suum
522 1997 561 2029 H
657 1999 699 2029 12
727 1994 884 2040 constat]
914 1994 1081 2029 constant
1105 1996 1144 2028 H
