1638 2620
619 102 700 138 Lib.
725 103 770 148 11,
797 108 852 139 23.
881 107 936 138 24.
963 106 1018 138 25.
1448 102 1504 144 59

159 207 292 241 natare
326 202 366 240 in
399 202 498 240 mari
529 202 615 240 siue
647 201 887 253 fluminibus,
920 201 1043 252 gradu
1070 201 1185 252 pleno
1213 200 1412 240 ambulare
1440 201 1505 240 uel

159 272 321 300 currere
361 261 478 298 etiam
516 266 686 298 armatos
725 273 815 299 cum
854 261 1019 299 sarcinis
1059 261 1141 298 suis
1183 260 1503 311 frequentissime

158 320 361 370 conuenit,
400 323 444 357 ut
483 318 667 357 cotidiani
705 318 849 357 laboris
888 331 984 358 usus
1023 320 1063 357 in
1095 331 1190 370 pace
1223 319 1393 358 difficilis
1425 331 1504 357 non

157 377 338 417 uideatur
376 378 417 415 in
455 376 569 415 bello.
629 377 721 416 Siue
762 390 854 428 ergo
894 377 994 429 legio
1035 379 1119 416 siue
1158 377 1299 416 auxilia
1344 377 1503 429 suerint,

156 442 415 475 exerceantur
444 435 616 474 adsidue.
668 435 764 474 Nam
792 437 1122 487 quemadmodum
1142 436 1242 475 hene
1265 438 1503 475 exercitatus
1523 445 1539 471 5

157 494 269 534 miles
288 494 482 546 proelium
505 496 624 546 cupit,
646 496 697 533 ita
719 495 903 533 formidat
923 495 1117 534 indoctus
1150 495 1355 534 Postremo
1378 497 1502 534 scien-

155 553 246 594 dum
276 559 336 593 est
362 555 401 592 in
428 565 558 605 pugna
585 565 701 592 usum
722 554 888 604 amphus
910 554 1098 605 prodesse
1120 567 1236 605 quam
1257 537 1392 607 uires3
1413 567 1503 593 nam

156 614 190 651 si
221 612 401 651 doctrina
433 618 562 651 cesset
594 613 935 663 armo1um,nihil
967 625 1142 680 paganus
1175 613 1294 652 distat
1320 626 1340 652 a
1367 613 1500 652 milite.

153 671 308 710 XXIIII.
341 671 493 710 Athleta
520 677 685 710 uenat01
706 673 839 722 auriga
861 677 1024 723 piopter
1052 673 1230 722 exiguam
1258 685 1358 711 mer·
1374 698 1500 724 Exempla
1525 698 1591 718 „fflo
1594 699 1634 718 m

154 730 289 769 cedem
316 730 380 769 uel
407 736 513 769 certe
539 730 665 781 plebis
692 703 868 769 faum'f'em
890 730 1084 769 cotidiana
1104 728 1635 778 meditatloneffissssgmgst1352?ss

153 801 195 827 a1
200 796 257 828 tes
285 801 374 828 suas
400 795 466 828 aut
493 801 654 828 seiuare
676 795 742 828 aut
762 802 905 841 angele
928 791 1153 841 consueuit3
1184 789 1358 841 militem,
1374 787 1487 808 t‘brust
1490 788 1545 808 Μή

153 849 266 886 cuius
293 853 352 886 est
383 848 563 886 manibus
597 848 790 887 seruanda
824 848 1066 899 respublica,
1095 848 1309 887 studiosius
1346 855 1502 900 oportet

152 908 355 945 scientiam
382 907 593 945 dimicandi
623 920 814 958 usumque
843 909 901 946 rei
926 907 1087 946 bellicae
1114 907 1273 958 iugibus
1301 909 1501 946 exercitiis

152 966 364 1017 custodire,
380 967 444 1004 cui
459 967 651 1017 contingit
672 979 747 1004 non
766 972 916 1005 tantum
931 966 1102 1017 gloriosa
1117 968 1283 1005 uictoria
1300 966 1366 1005 sed
1385 968 1502 1005 etiam

152 1024 316 1076 amplior
341 1025 496 1077 praeda,
524 1037 640 1075 quem
669 1025 713 1063 ad
742 1038 836 1076 opes
864 1038 907 1064 ac
932 1026 1141 1075 dignitates
1163 1026 1259 1064 ordo
1281 1025 1442 1064 militiae
1463 1032 1501 1064 et
1524 1036 1556 1058 15>

152 1085 400 1134 imperatoris
433 1083 621 1122 iudicium
652 1086 861 1123 consueuit
888 1084 1070 1123 euellere.
1116 1085 1297 1123 Artifices
1330 1085 1502 1123 scaenici

152 1142 198 1180 ab
219 1144 418 1181 exercitiis
439 1155 516 1180 non
538 1143 730 1182 recedunt
750 1156 822 1194 pro
844 1143 957 1182 laude
981 1143 1106 1195 uulgi3
1128 1143 1238 1181 miles
1256 1150 1500 1182 sacramento

151 1201 276 1240 lectus
303 1201 350 1239 ab
378 1202 565 1239 exercitio
593 1214 793 1240 armorum
820 1203 883 1241 uel
912 1202 1092 1241 nouellus
1120 1202 1184 1241 uel
1213 1204 1288 1240 iam
1316 1208 1500 1240 uetustus

152 1272 306 1298 cessare
340 1272 418 1298 non
452 1260 579 1311 debet,
613 1262 677 1299 cui
709 1261 963 1312 pugnandum
998 1267 1057 1300 est
1089 1274 1160 1312 pro
1189 1261 1313 1299 salute
1341 1263 1500 1312 propria

152 1325 190 1358 et
217 1318 396 1357 libertate
418 1321 634 1371 communi,
660 1322 895 1370 praesertim
924 1332 1013 1358 cum
1042 1322 1201 1371 antiqua
1229 1322 1279 1359 sit
1306 1321 1499 1371 prudens·
1520 1330 1554 1355 20

152 1390 227 1429 que
261 1379 456 1416 sententia
489 1390 626 1416 omnes
659 1384 762 1417 artes
795 1381 833 1417 in
868 1379 1121 1417 meditatione
1155 1381 1386 1417 consistere.

239 1495 350 1534 XXV.
372 1495 492 1546 Legio
511 1501 641 1535 autem
663 1503 907 1535 uolitantum
923 1496 1090 1535 militum
1107 1509 1272 1535 numero
1289 1498 1356 1536 sed
1372 1511 1453 1532 Ειιιιιιι
1503 1513 1537 1532 ιο
1562 1511 1632 1532 ferm

1372 1547 1395 1561 m
1399 1541 1633 1561 eontrumuelma

150 1556 265 1593 ellam
287 1567 430 1606 genere
458 1555 788 1594 ferramentorum
818 1557 980 1594 UIllCel'ss
1007 1558 1227 1595 consueuit.
1273 1557 1356 1595 PII-
1371 1571 1413 1591 chi
1405 1577 1506 1591 marum
1525 1571 1549 1590 le
1537 1571 1635 1597 eigmns

173 1680 216 1713 V.
244 1679 283 1714 L.
369 1684 389 1713 3
416 1680 458 1713 ub
484 1691 505 1714 a
531 1680 658 1715 cottid.
687 1681 721 1714 α’
815 1686 836 1715 4
863 1681 1001 1716 auxilio
1030 1682 1075 1716 A'
1170 1682 1252 1717 CAP.
1280 1681 1427 1717 XXIIII.

151 1731 169 1761 9
197 1727 342 1761 athleta
364 1727 438 1761 Mn
465 1727 590 1761 adleta
610 1727 654 1762 A'
685 1728 836 1763 adhleta
855 1728 887 1762 L
916 1729 1061 1763 adtleta
1083 1729 1112 1774 Q
1188 1733 1228 1763 11
1257 1740 1287 1763 a.
1310 1728 1334 1764 s.
1362 1740 1393 1763 a.
1422 1729 1444 1763 s.
1468 1740 1499 1763 a.

149 1785 284 1818 augere
311 1773 372 1818 Αμ
410 1784 442 1807 a.
470 1774 493 1808 s.
521 1775 585 1808 aut
611 1774 633 1809 s.
662 1776 727 1809 aut
753 1786 861 1820 agere
890 1776 962 1810 HG-
995 1787 1026 1811 a
1059 1776 1082 1810 Γ.
1117 1776 1153 1819 (s.
1182 1788 1213 1811 a.
1241 1777 1292 1820 P>
1326 1777 1391 1810 aut
1423 1787 1501 1811 661-

150 1823 227 1856 tare
260 1822 324 1855 aut
355 1831 464 1865 agere
497 1821 558 1855 61>
593 1821 642 1865 [a
670 1821 710 1867 s]
744 1824 809 1857 aut
841 1824 980 1858 certare
1018 1825 1083 1858 aut
1115 1834 1225 1868 ageie
1253 1823 1427 1859 15101111.

151 1872 191 1902 11
221 1867 425 1914 consueuit]
454 1868 692 1903 consuescunt
717 1872 735 1903 7
794 1874 834 1904 13
861 1870 1035 1914 bellicae]
1063 1870 1236 1915 publicae
1267 1870 1325 1904 G&
1350 1870 1499 1917 publice

148 1961 239 1986 οων.
265 1952 306 1985 in
331 1950 467 1998 bellice
495 1951 528 1985 L
618 1955 660 1985 14
688 1951 846 1997 contigit
876 1955 915 1986 Π
939 1952 1099 1997 confligit
1126 1953 1162 1986 P
1257 1964 1330 1987 non
1356 1953 1399 1998 1.]
1427 1964 1501 1988 non

150 1997 266 2032 solum
288 1999 328 2032 Π
394 2002 435 2032 15
465 2009 648 2042 quemque
675 1980 810 2043 uu190⁰
854 1999 944 2044 opes
965 2001 1013 2034 ad
1039 2001 1072 2034 d
1101 2013 1116 2034 ε
1183 2004 1225 2034 16
1253 1999 1385 2034 seenici
1410 2003 1429 2034 2.

150 2049 193 2078 18
220 2044 407 2079 exercitiis
428 2046 538 2089 uulyo
635 2046 724 2090 iam]
754 2046 866 2081 etiam
897 2046 994 2082 GBP
1091 2051 1131 2081 19
1161 2046 1344 2093 [propria]
1373 2049 1412 2081 H

174 2150 207 2184 S.
235 2151 275 2185 L.
351 2155 370 2185 2
399 2151 580 2206 armatos]
608 2152 774 2187 amatus
796 2154 834 2186 Π
917 2157 937 2188 3
965 2152 1162 2188 cottidiani
1189 2154 1222 2186 α’
1252 2153 1315 2197 (L)
1391 2156 1410 2188 5
1438 2153 1501 2188 ad-

148 2197 264 2242 sidue]
293 2198 432 2233 assidue
459 2201 532 2241 (-ae
562 2198 610 2241 G)
636 2199 681 2234 Α
688 2201 725 2233 Π
814 2200 1139 2244 quemammodum
1167 2202 1206 2234 Π
1300 2199 1405 2245 cupit
1429 2200 1500 2246 ita]

149 2244 317 2288 cupidita
341 2245 390 2290 A
457 2246 540 2280 CAP.
567 2246 716 2281 XXIIII.
782 2250 802 2280 9
828 2248 1003 2292 uenator]
1030 2249 1187 2281 nenatur
1213 2248 1260 2293 Ax
1328 2252 1371 2282 10
1398 2247 1501 2282 fabo-

148 2301 226 2325 iem
252 2294 292 2325 H
350 2292 558 2327 cottidiana
585 2295 613 2337 (-
618 2305 637 2328 e
664 2294 713 2338 A)
735 2307 751 2328 ε
821 2299 861 2328 17
889 2294 1013 2339 miles]
1042 2294 1184 2329 milites
1205 2295 1240 2328 α’
1305 2298 1348 2329 18
1374 2294 1501 2330 nobel-

147 2337 206 2372 lus
227 2340 267 2372 Π
360 2343 400 2373 21
431 2340 627 2387 sententia]
655 2353 692 2375 -a
721 2343 760 2375 H
