1638 2620
167 749 198 773 10

165 1340 197 1364 20

220 113 276 154 52
776 113 854 148 Lib.
883 113 924 156 11,
954 117 1008 149 18.

340 212 394 251 Ex
423 212 483 251 his
509 214 629 264 igitur
656 218 817 263 apparet
849 211 1043 262 legionem
1075 212 1173 252 bene
1207 215 1425 252 institutam
1453 216 1565 265 quasi

221 273 522 310 immitissimam
543 283 629 310 esse
651 272 863 322 ciuitatem,
891 283 989 321 quae
1011 273 1139 310 omnia
1166 272 1315 323 proelio
1343 275 1565 312 necessaria

221 343 355 369 secum
388 330 534 381 ubique
568 335 743 381 portaret
775 342 847 368 nec
881 335 1075 369 metueret
1106 333 1356 382 repentinum
1393 331 1565 370 hostium

221 394 517 440 superuentum,
551 400 648 439 quae
683 389 799 427 etiam
826 389 865 426 in
892 388 1029 427 mediis
1058 391 1204 440 campis
1232 389 1361 428 subito
1390 391 1492 429 fossa
1519 403 1560 429 se

221 447 400 498 ualloque
422 449 605 499 muniret,
621 459 719 498 quae
741 459 855 486 omne
876 460 999 498 genus
1022 448 1186 487 militum
1209 449 1430 487 contineret
1451 454 1489 487 et
1504 462 1564 488 ar-

220 518 384 544 morum.
419 505 458 544 Si
482 503 573 557 quis
591 507 711 557 igitur
725 518 855 558 pugna
869 506 1025 557 publica
1040 508 1219 558 superari
1239 506 1427 546 barbaros
1446 509 1565 560 cupit,

219 570 261 603 ut
282 564 498 603 diuinitatis
514 571 624 617 nutu,
639 564 894 616 dispositione
910 567 1159 616 imperatoris
1174 567 1313 604 inuicti
1328 572 1562 617 reparentur

220 636 265 661 ex
305 623 499 662 tironibus
538 623 730 675 legiones,
768 626 872 663 uotis
912 623 1094 662 omnibus
1128 629 1244 674 petat..
1302 624 1406 663 Intra
1440 624 1563 664 breue

219 688 348 720 autem
376 684 544 733 spatium
573 684 759 734 temporis
786 684 962 722 iuniores
995 683 1203 733 diligenter
1236 683 1351 721 electi
1384 688 1423 722 et
1455 696 1564 723 exer·

219 742 327 780 citati
359 741 500 780 cotidie
534 754 612 780 non
651 741 776 780 solum
816 754 927 780 mane
967 741 1035 779 sed
1078 742 1193 780 etiam
1232 748 1321 792 post
1360 742 1565 781 meridiem

218 802 324 839 omni
361 813 561 839 armorum
599 800 804 851 disciplina
844 800 906 838 uel
946 805 1028 838 arte
1068 800 1239 839 bellandi
1278 808 1435 839 ueteres
1477 801 1564 840 illos

219 859 381 912 milites,
421 861 488 911 qui
521 859 656 898 orbem
692 865 887 898 terrarum
919 861 1118 910 integrum
1151 859 1412 912 subegerunt,
1453 861 1564 899 facile

218 918 500 969 coaequabunt.
552 918 630 957 Nec
659 924 828 970 moueat,
861 918 964 968 quod
991 918 1082 956 olim
1110 924 1169 957 est
1201 918 1447 957 consuetudo
1481 931 1564 958 mu-

218 983 295 1016 tata
328 989 425 1028 quae
465 979 607 1028 uiguit3
647 977 714 1015 sed
754 977 871 1015 huius
912 976 1108 1015 felicitatis
1148 989 1191 1015 ac
1230 978 1470 1028 prouisionis
1504 983 1564 1016 est

181 1045 196 1069 5
218 1037 442 1087 perennitas
469 1042 546 1087 tua,
579 1041 622 1074 ut
650 1048 719 1087 pro
748 1036 871 1074 salute
899 1035 1138 1087 reipublicae
1166 1041 1204 1074 et
1234 1048 1336 1074 noua
1369 1038 1564 1087 excogitet

218 1100 256 1133 et
277 1097 435 1147 antiqua
456 1096 649 1135 restituat.
696 1094 819 1133 Omne
847 1107 945 1145 opus
973 1094 1130 1133 difficile
1159 1094 1327 1144 uidetur,
1356 1101 1565 1147 antequam

218 1160 406 1206 temptes;
446 1159 623 1192 ceterum
657 1155 690 1192 si
722 1155 926 1192 exercitati
959 1159 997 1192 et
1036 1153 1252 1204 prudentes
1292 1155 1370 1192 uiri
1403 1154 1566 1193 dilectui

218 1218 521 1265 praeponantur,
554 1213 737 1252 celeriter
771 1225 907 1251 manus
934 1212 1045 1251 bellis
1073 1218 1161 1263 apta
1188 1213 1333 1263 poterit
1360 1213 1564 1264 adgregari

218 1277 257 1310 et
284 1271 491 1322 diligenter
518 1273 682 1310 institui.
734 1272 899 1317 Quiduis
927 1273 1031 1310 enim
1059 1272 1180 1310 eflicit
1207 1271 1391 1323 sollertia,
1419 1273 1451 1310 si
1473 1284 1563 1310 con-

217 1335 397 1381 petentes
431 1343 509 1369 non
543 1331 787 1381 denegentur
821 1343 1024 1381 expensae.

240 1420 284 1454 V.
307 1420 344 1454 L.
396 1424 415 1453 2
437 1419 627 1454 ciuitatem
649 1420 719 1455 esse
735 1421 794 1454 ὃΡ
840 1425 859 1454 3
881 1421 1044 1454 metuere
1061 1421 1123 1454 ὃΡ
1171 1424 1191 1454 4
1215 1420 1506 1466 [superuentum]
1528 1422 1567 1454 H

289 1470 307 1500 5
336 1477 442 1501 omne
456 1466 573 1511 genus
583 1467 742 1501 militum
758 1466 964 1502 contineret
979 1468 1016 1501 et
1037 1478 1221 1502 armorum
1237 1467 1331 1502 Giss.
1348 1467 1420 1501 Ed.
1439 1467 1561 1502 Golon.

218 1516 311 1549 15:24
331 1524 438 1548 omne
464 1526 498 1558 g.
532 1514 693 1548 militum
720 1513 925 1549 contineret
952 1513 1018 1558 [et]
1054 1525 1239 1548 armorum
1266 1527 1280 1548 ε
1314 1515 1425 1549 omnejv
1449 1514 1567 1559 genus

217 1560 424 1596 contineret
450 1572 636 1595 armorum
657 1563 695 1595 H
719 1572 750 1595 o.
778 1572 811 1605 g.
840 1561 999 1595 militum
1020 1572 1126 1596 omne
1147 1561 1265 1605 genus
1281 1561 1488 1596 contineret,
1507 1573 1563 1596 ar-

217 1619 361 1642 morum
387 1609 409 1642 δ
434 1609 545 1653 uzclyo
571 1619 603 1644 ο.
631 1620 664 1652 g.
691 1607 854 1643 militnm
880 1619 910 1642 o.
939 1620 972 1652 g,
1001 1610 1096 1643 cont.
1126 1610 1398 1643 armaturarum
1418 1608 1453 1642 P
1471 1608 1562 1645 Oud.

289 1659 308 1689 6
335 1658 359 1698 (ἶ
386 1656 420 1689 A
447 1656 509 1699 qui
541 1666 631 1690 corr.
660 1656 700 1690 in
733 1655 816 1699 quis
838 1655 904 1700 GQ
978 1666 1103 1699 pugna,
1130 1654 1258 1690 ualida
1284 1656 1434 1700 publica
1461 1656 1496 1690 P

218 1703 406 1746 superaret
420 1704 438 1735 λ
458 1702 627 1746 superare
643 1702 675 1737 G
733 1707 750 1737 7
771 1703 862 1736 nutu
891 1704 926 1737 et
948 1703 979 1736 d.
997 1704 1014 1736 λ
1065 1706 1084 1736 8
1106 1703 1227 1748 petat]
1250 1702 1564 1746 conpetentibusl

290 1753 308 1783 9
330 1751 355 1783 t.
370 1761 424 1794 sp.
440 1750 550 1794 zaulyo
603 1753 643 1783 13
666 1761 764 1784 cons.
781 1751 846 1784 est.
862 1750 971 1794 uulgo
1025 1753 1067 1784 14
1088 1761 1181 1793 quae
1196 1750 1318 1794 uiguit
1337 1751 1447 1796 rzozdyo
1468 1761 1564 1794 quae

218 1798 304 1841 (que
332 1798 369 1830 H
389 1802 414 1836 q
436 1797 465 1842 Q
491 1808 530 1840 q:
558 1796 606 1841 L)
627 1796 755 1831 nocuit
780 1796 916 1841 (uiguit
940 1797 1068 1831 nocuit
1087 1797 1138 1840 D)
1166 1797 1229 1831 nL
1253 1797 1349 1841 quod
1372 1798 1404 1841 (q
1433 1798 1475 1842 Q)
1501 1809 1564 1832 no—

218 1843 293 1878 cuit
309 1843 338 1889 Q
364 1843 533 1880 Korttius
559 1844 623 1878 sed
645 1844 770 1879 nocuit
785 1857 808 1877 α
886 1847 926 1878 16
949 1844 1073 1889 omne]
1096 1856 1127 1879 o.
1144 1843 1271 1889 itaque
1287 1846 1305 1877 λ
1373 1844 1512 1879 uitetur
1529 1846 1567 1878 H

217 1892 339 1934 anbeq.
360 1891 403 1936 h]
433 1892 630 1935 antequam
651 1892 810 1935 temptet
831 1891 978 1934 (rasura
998 1902 1087 1926 corr.
1111 1902 1153 1926 eoe
1173 1903 1203 1926 a.
1225 1890 1388 1935 temptes
1392 1893 1403 1935 )
1420 1893 1458 1925 H
1478 1892 1563 1926 ante

215 1938 527 1982 temptamentum
551 1938 583 1972 G
642 1942 681 1973 17
710 1939 870 1972 delectui
897 1940 918 1972 ὃ
945 1938 1006 1972 dil.
1035 1949 1124 1974 corr.
1152 1940 1193 1973 in
1219 1939 1289 1973 del.
1321 1938 1356 1971 P
1414 1941 1454 1972 18
1480 1950 1563 1982 pro-

216 1986 400 2029 ponantur
414 1985 477 2030 μΡ
523 1985 611 2020 belli
631 1985 817 2029 (bellii‘H)
839 1987 927 2029 apta
948 1988 992 2019 πλ
1014 1984 1105 2019 belli
1125 1985 1229 2030 lapta
1250 1986 1284 2019 α’
1305 1985 1395 2020 belli
1415 1985 1516 2030 lapsa
1531 1986 1564 2020 G

241 2066 274 2101 S.
302 2067 342 2100 L.
397 2071 412 2100 1
441 2067 664 2112 institutam]
692 2068 859 2102 instituta
888 2069 925 2101 H
998 2072 1016 2101 2
1044 2068 1201 2113 proelio]
1229 2068 1371 2111 praelia
1396 2069 1431 2101 Α
1458 2079 1563 2113 proe-

217 2114 267 2148 lia
294 2114 326 2148 G
440 2118 461 2148 4
487 2115 596 2160 quae]
625 2125 735 2158 quem
766 2115 812 2148 M
927 2119 968 2148 10
996 2114 1148 2149 cottidie
1177 2115 1237 2148 aL
1353 2115 1561 2161 meridiem]

217 2160 370 2208 meridie
398 2162 445 2207 A,
478 2162 652 2197 meridiae
674 2162 722 2196 M
793 2166 833 2197 11
861 2161 1043 2207 bellandi]
1073 2161 1237 2196 uellandi
1265 2163 1297 2196 α’
1375 2162 1562 2197 ueterosoe

291 2212 330 2242 13
350 2209 624 2255 coaequabant]
641 2209 929 2254 quoaequabunb
944 2210 989 2254 A1
1016 2209 1249 2252 coequabanb
1271 2211 1309 2243 Π
1362 2210 1512 2244 mobeat
1526 2212 1564 2244 H

288 2256 450 2301 mutata]
484 2258 614 2291 mutua
639 2258 673 2290 α’
754 2261 796 2291 15
824 2255 1062 2302 perhennitas
1084 2258 1123 2290 H
1228 2260 1269 2291 16
1296 2256 1481 2303 restituat]
1508 2268 1562 2292 re-

218 2302 343 2336 stituet
369 2304 415 2336 A’
521 2308 561 2339 17
589 2303 798 2349 exercitati]
827 2304 1044 2338 exercitatio
1072 2305 1111 2337 H
1190 2307 1230 2337 18
1259 2305 1455 2349 aggregari
1481 2307 1519 2338 H

220 2353 260 2383 19
290 2352 447 2394 compet.
471 2352 509 2384 H
582 2355 624 2386 20
651 2351 895 2397 denegentur]
926 2350 1106 2395 degentiu-
1134 2353 1171 2384 H
1194 2351 1398 2395 denegetur
1424 2351 1473 2385 M
