<?xml version="1.0" encoding="UTF-8"?>
<!DOCTYPE html PUBLIC "-//W3C//DTD XHTML 1.0 Transitional//EN"
    "http://www.w3.org/TR/xhtml1/DTD/xhtml1-transitional.dtd">
<html xmlns="http://www.w3.org/1999/xhtml" xml:lang="en" lang="en">
 <head>
  <title>
</title>
<meta http-equiv="Content-Type" content="text/html;charset=utf-8" />
  <meta name='ocr-system' content='tesseract 3.04.00' />
  <meta name='ocr-capabilities' content='ocr_page ocr_carea ocr_par ocr_line ocrx_word'/>
</head>
<body>
  <div class='ocr_page' id='page_1' title='image "./flavivegetirenat00vegeuoft/flavivegetirenat00vegeuoft_0088.png"; bbox 0 0 1638 2620; ppageno 0'>
   <div class='ocr_carea' id='block_1_1' title="bbox 176 76 232 117">
    <p class='ocr_par' dir='ltr' id='par_1_1' title="bbox 176 76 232 117">
     <span class='ocr_line' id='line_1_1' title="bbox 176 76 232 117; baseline 0 0"><span class='ocrx_word' id='word_1_1' title='bbox 176 76 232 117; x_wconf 78' lang='lat'>32</span> 
     </span>
    </p>
   </div>
   <div class='ocr_carea' id='block_1_2' title="bbox 128 176 1532 1006">
    <p class='ocr_par' dir='ltr' id='par_1_2' title="bbox 128 176 1531 990">
     <span class='ocr_line' id='line_1_2' title="bbox 259 176 999 215; baseline 0.001 -1"><span class='ocrx_word' id='word_1_2' title='bbox 259 176 346 214; x_wconf 86' lang='lat' dir='ltr'>XII.</span> <span class='ocrx_word' id='word_1_3' title='bbox 379 177 438 214; x_wconf 90' lang='lat' dir='ltr'>De</span> <span class='ocrx_word' id='word_1_4' title='bbox 472 176 600 215; x_wconf 85' lang='lat' dir='ltr'>officio</span> <span class='ocrx_word' id='word_1_5' title='bbox 633 176 786 213; x_wconf 88' lang='lat' dir='ltr'>tribuni</span> <span class='ocrx_word' id='word_1_6' title='bbox 816 176 999 215; x_wconf 90' lang='lat' dir='ltr'>militum.</span> 
     </span>
     <span class='ocr_line' id='line_1_3' title="bbox 236 235 1219 284; baseline 0 -11"><span class='ocrx_word' id='word_1_7' title='bbox 236 236 346 273; x_wconf 90' lang='lat' dir='ltr'><strong>XIII.</strong></span> <span class='ocrx_word' id='word_1_8' title='bbox 379 236 436 273; x_wconf 89' lang='lat' dir='ltr'>De</span> <span class='ocrx_word' id='word_1_9' title='bbox 469 235 658 273; x_wconf 86' lang='lat' dir='ltr'>centuriis</span> <span class='ocrx_word' id='word_1_10' title='bbox 690 238 810 284; x_wconf 87' lang='lat' dir='ltr'>atque</span> <span class='ocrx_word' id='word_1_11' title='bbox 841 235 997 273; x_wconf 81' lang='lat' dir='ltr'>uexillis</span> <span class='ocrx_word' id='word_1_12' title='bbox 1029 235 1219 283; x_wconf 86' lang='lat' dir='ltr'>peditum.</span> 
     </span>
     <span class='ocr_line' id='line_1_4' title="bbox 214 294 1175 344; baseline 0.001 -13"><span class='ocrx_word' id='word_1_13' title='bbox 214 294 345 333; x_wconf 89' lang='lat' dir='ltr'><strong>XIIII.</strong></span> <span class='ocrx_word' id='word_1_14' title='bbox 378 295 437 333; x_wconf 90' lang='lat' dir='ltr'>De</span> <span class='ocrx_word' id='word_1_15' title='bbox 469 295 612 332; x_wconf 76' lang='lat' dir='ltr'>turmis</span> <span class='ocrx_word' id='word_1_16' title='bbox 645 294 823 342; x_wconf 79' lang='lat' dir='ltr'>equitum</span> <span class='ocrx_word' id='word_1_17' title='bbox 854 294 1175 344; x_wconf 80' lang='lat' dir='ltr'>legionariorum.</span> 
     </span>
     <span class='ocr_line' id='line_1_5' title="bbox 261 352 1382 401; baseline 0 -11"><span class='ocrx_word' id='word_1_18' title='bbox 261 353 345 391; x_wconf 89' lang='lat' dir='ltr'>XV.</span> <span class='ocrx_word' id='word_1_19' title='bbox 379 352 719 398; x_wconf 80' lang='lat' dir='ltr'>Quemadmodum</span> <span class='ocrx_word' id='word_1_20' title='bbox 750 352 951 401; x_wconf 79' lang='lat' dir='ltr'>legionum</span> <span class='ocrx_word' id='word_1_21' title='bbox 985 353 1087 391; x_wconf 85' lang='lat' dir='ltr'>acies</span> <span class='ocrx_word' id='word_1_22' title='bbox 1119 353 1382 391; x_wconf 85' lang='lat' dir='ltr'>instruantur.</span> 
     </span>
     <span class='ocr_line' id='line_1_6' title="bbox 243 411 1524 456; baseline 0 -7"><span class='ocrx_word' id='word_1_23' title='bbox 243 412 348 449; x_wconf 89' lang='lat' dir='ltr'><strong>XVI.</strong></span> <span class='ocrx_word' id='word_1_24' title='bbox 382 411 722 456; x_wconf 81' lang='lat' dir='ltr'>Quemadmodum</span> <span class='ocrx_word' id='word_1_25' title='bbox 758 411 889 449; x_wconf 84' lang='lat' dir='ltr'>triarii</span> <span class='ocrx_word' id='word_1_26' title='bbox 926 412 992 449; x_wconf 88' lang='lat' dir='ltr'>uel</span> <span class='ocrx_word' id='word_1_27' title='bbox 1023 412 1270 450; x_wconf 72' lang='lat' dir='ltr'>centuriones</span> <span class='ocrx_word' id='word_1_28' title='bbox 1308 413 1524 450; x_wconf 84' lang='lat' dir='ltr'>armentur.</span> 
     </span>
     <span class='ocr_line' id='line_1_7' title="bbox 223 469 1525 520; baseline 0 -12"><span class='ocrx_word' id='word_1_29' title='bbox 223 470 350 508; x_wconf 87' lang='lat' dir='ltr'><strong>XVII.</strong></span> <span class='ocrx_word' id='word_1_30' title='bbox 385 469 604 508; x_wconf 84' lang='lat' dir='ltr'>Commissa</span> <span class='ocrx_word' id='word_1_31' title='bbox 640 483 775 519; x_wconf 84' lang='lat' dir='ltr'>pugna</span> <span class='ocrx_word' id='word_1_32' title='bbox 819 482 984 519; x_wconf 84' lang='lat' dir='ltr'>grauem</span> <span class='ocrx_word' id='word_1_33' title='bbox 1026 473 1271 508; x_wconf 85' lang='lat' dir='ltr'>armaturam</span> <span class='ocrx_word' id='word_1_34' title='bbox 1311 473 1418 509; x_wconf 87' lang='lat' dir='ltr'>stare</span> <span class='ocrx_word' id='word_1_35' title='bbox 1455 483 1525 520; x_wconf 84' lang='lat' dir='ltr'>pro</span> 
     </span>
     <span class='ocr_line' id='line_1_8' title="bbox 463 542 586 567; baseline -0.008 -1"><span class='ocrx_word' id='word_1_36' title='bbox 463 542 586 567; x_wconf 88' lang='lat' dir='ltr'>muro.</span> 
     </span>
     <span class='ocr_line' id='line_1_9' title="bbox 181 586 1526 637; baseline 0 -12"><span class='ocrx_word' id='word_1_37' title='bbox 181 586 366 637; x_wconf 70' lang='lat' dir='ltr'><strong>[XVIII]</strong></span> <span class='ocrx_word' id='word_1_38' title='bbox 385 586 572 636; x_wconf 82' lang='lat' dir='ltr'>[Nomina</span> <span class='ocrx_word' id='word_1_39' title='bbox 586 587 757 625; x_wconf 82' lang='lat' dir='ltr'>militum</span> <span class='ocrx_word' id='word_1_40' title='bbox 778 589 818 625; x_wconf 90' lang='lat' dir='ltr'>et</span> <span class='ocrx_word' id='word_1_41' title='bbox 831 587 978 637; x_wconf 83' lang='lat' dir='ltr'>gradus</span> <span class='ocrx_word' id='word_1_42' title='bbox 999 587 1037 624; x_wconf 88' lang='lat' dir='ltr'>in</span> <span class='ocrx_word' id='word_1_43' title='bbox 1055 587 1176 626; x_wconf 88' lang='lat' dir='ltr'>scutis</span> <span class='ocrx_word' id='word_1_44' title='bbox 1197 600 1333 626; x_wconf 89' lang='lat' dir='ltr'>eorum</span> <span class='ocrx_word' id='word_1_45' title='bbox 1347 588 1526 626; x_wconf 83' lang='lat' dir='ltr'>aduersis</span> 
     </span>
     <span class='ocr_line' id='line_1_10' title="bbox 465 644 700 695; baseline 0 -11"><span class='ocrx_word' id='word_1_46' title='bbox 465 644 700 695; x_wconf 68' lang='lat' dir='ltr'>scribenda]</span> 
     </span>
     <span class='ocr_line' id='line_1_11' title="bbox 128 705 1527 754; baseline 0.001 -12"><span class='ocrx_word' id='word_1_47' title='bbox 128 713 161 738; x_wconf 89' lang='lat'>10</span> <span class='ocrx_word' id='word_1_48' title='bbox 245 705 350 744; x_wconf 89' lang='lat' dir='ltr'><strong>XIX.</strong></span> <span class='ocrx_word' id='word_1_49' title='bbox 383 705 548 743; x_wconf 78' lang='lat' dir='ltr'>Praeter</span> <span class='ocrx_word' id='word_1_50' title='bbox 580 705 754 754; x_wconf 87' lang='lat' dir='ltr'>corporis</span> <span class='ocrx_word' id='word_1_51' title='bbox 787 705 909 742; x_wconf 89' lang='lat' dir='ltr'>robur</span> <span class='ocrx_word' id='word_1_52' title='bbox 946 707 1132 743; x_wconf 87' lang='lat' dir='ltr'>notarum</span> <span class='ocrx_word' id='word_1_53' title='bbox 1169 706 1235 743; x_wconf 84' lang='lat' dir='ltr'>uel</span> <span class='ocrx_word' id='word_1_54' title='bbox 1273 706 1527 754; x_wconf 85' lang='lat' dir='ltr'>computandi</span> 
     </span>
     <span class='ocr_line' id='line_1_12' title="bbox 465 763 1158 813; baseline 0 -12"><span class='ocrx_word' id='word_1_55' title='bbox 465 766 592 802; x_wconf 77' lang='lat' dir='ltr'>aitem</span> <span class='ocrx_word' id='word_1_56' title='bbox 622 765 663 801; x_wconf 90' lang='lat' dir='ltr'>in</span> <span class='ocrx_word' id='word_1_57' title='bbox 694 763 891 801; x_wconf 87' lang='lat' dir='ltr'>tironibus</span> <span class='ocrx_word' id='word_1_58' title='bbox 925 763 1158 813; x_wconf 75' lang='lat' dir='ltr'>eligendam.</span> 
     </span>
     <span class='ocr_line' id='line_1_13' title="bbox 264 795 1532 872; baseline -0.001 -12"><span class='ocrx_word' id='word_1_59' title='bbox 264 823 346 861; x_wconf 89' lang='lat' dir='ltr'>XX.</span> <span class='ocrx_word' id='word_1_60' title='bbox 379 823 571 861; x_wconf 84' lang='lat' dir='ltr'>Donatiui</span> <span class='ocrx_word' id='word_1_61' title='bbox 595 824 752 872; x_wconf 87' lang='lat' dir='ltr'>partem</span> <span class='ocrx_word' id='word_1_62' title='bbox 779 795 1000 860; x_wconf 66' lang='lat' dir='ltr'>dimidiam0</span> <span class='ocrx_word' id='word_1_63' title='bbox 1004 823 1149 861; x_wconf 88' lang='lat' dir='ltr'>debent</span> <span class='ocrx_word' id='word_1_64' title='bbox 1168 824 1273 872; x_wconf 90' lang='lat' dir='ltr'>apud</span> <span class='ocrx_word' id='word_1_65' title='bbox 1295 823 1407 872; x_wconf 85' lang='lat' dir='ltr'>signa</span> <span class='ocrx_word' id='word_1_66' title='bbox 1431 823 1532 860; x_wconf 86' lang='lat' dir='ltr'>mili-</span> 
     </span>
     <span class='ocr_line' id='line_1_14' title="bbox 465 881 1219 931; baseline 0 -11"><span class='ocrx_word' id='word_1_67' title='bbox 465 884 525 920; x_wconf 84' lang='lat' dir='ltr'>tes</span> <span class='ocrx_word' id='word_1_68' title='bbox 560 883 810 931; x_wconf 73' lang='lat' dir='ltr'>sequestram</span> <span class='ocrx_word' id='word_1_69' title='bbox 843 881 1080 920; x_wconf 83' lang='lat' dir='ltr'>seruandam</span> <span class='ocrx_word' id='word_1_70' title='bbox 1111 883 1219 931; x_wconf 89' lang='lat' dir='ltr'>ipsis.</span> 
     </span>
     <span class='ocr_line' id='line_1_15' title="bbox 246 940 1531 1006; baseline 0 -28"><span class='ocrx_word' id='word_1_71' title='bbox 246 941 351 979; x_wconf 89' lang='lat' dir='ltr'><strong>XXI.</strong></span> <span class='ocrx_word' id='word_1_72' title='bbox 383 941 431 978; x_wconf 90' lang='lat' dir='ltr'>In</span> <span class='ocrx_word' id='word_1_73' title='bbox 456 941 612 990; x_wconf 80' lang='lat' dir='ltr'>legione</span> <span class='ocrx_word' id='word_1_74' title='bbox 638 941 695 978; x_wconf 85' lang='lat' dir='ltr'>ita</span> <span class='ocrx_word' id='word_1_75' title='bbox 720 940 806 978; x_wconf 87' lang='lat' dir='ltr'>fieri</span> <span class='ocrx_word' id='word_1_76' title='bbox 830 941 1111 1006; x_wconf 78' lang='lat' dir='ltr'>promotiones,</span> <span class='ocrx_word' id='word_1_77' title='bbox 1143 943 1188 979; x_wconf 85' lang='lat' dir='ltr'>ut</span> <span class='ocrx_word' id='word_1_78' title='bbox 1213 954 1284 990; x_wconf 90' lang='lat' dir='ltr'>per</span> <span class='ocrx_word' id='word_1_79' title='bbox 1310 953 1443 978; x_wconf 84' lang='lat' dir='ltr'>omnes</span> <span class='ocrx_word' id='word_1_80' title='bbox 1471 953 1531 978; x_wconf 91' lang='lat' dir='ltr'>co-</span> 
     </span>
    </p>
   </div>
   <div class='ocr_carea' id='block_1_3' title="bbox 130 1000 1532 1156">
    <p class='ocr_par' dir='ltr' id='par_1_3' title="bbox 130 1000 1532 1156">
     <span class='ocr_line' id='line_1_16' title="bbox 130 1000 1265 1049; baseline 0.003 -14"><span class='ocrx_word' id='word_1_81' title='bbox 130 1009 162 1035; x_wconf 81' lang='grc'>15</span> <span class='ocrx_word' id='word_1_82' title='bbox 466 1001 601 1038; x_wconf 87' lang='lat' dir='ltr'>hortes</span> <span class='ocrx_word' id='word_1_83' title='bbox 633 1002 841 1037; x_wconf 85' lang='lat' dir='ltr'>transeant</span> <span class='ocrx_word' id='word_1_84' title='bbox 872 1000 940 1048; x_wconf 89' lang='lat' dir='ltr'>qui</span> <span class='ocrx_word' id='word_1_85' title='bbox 970 1003 1265 1049; x_wconf 88' lang='lat' dir='ltr'>promouentur.</span> 
     </span>
     <span class='ocr_line' id='line_1_17' title="bbox 226 1058 1532 1104; baseline -0.001 -8"><span class='ocrx_word' id='word_1_86' title='bbox 226 1059 353 1096; x_wconf 86' lang='lat' dir='ltr'><strong>XXII.</strong></span> <span class='ocrx_word' id='word_1_87' title='bbox 387 1058 489 1104; x_wconf 89' lang='lat' dir='ltr'>Quid</span> <span class='ocrx_word' id='word_1_88' title='bbox 526 1060 630 1096; x_wconf 74' lang='lat' dir='ltr'>inter</span> <span class='ocrx_word' id='word_1_89' title='bbox 667 1058 864 1097; x_wconf 74' lang='lat' dir='ltr'>tubicines</span> <span class='ocrx_word' id='word_1_90' title='bbox 904 1062 943 1096; x_wconf 90' lang='lat' dir='ltr'>et</span> <span class='ocrx_word' id='word_1_91' title='bbox 982 1059 1199 1097; x_wconf 75' lang='lat' dir='ltr'>cornicines</span> <span class='ocrx_word' id='word_1_92' title='bbox 1242 1062 1282 1097; x_wconf 92' lang='lat' dir='ltr'>et</span> <span class='ocrx_word' id='word_1_93' title='bbox 1322 1059 1532 1097; x_wconf 85' lang='lat' dir='ltr'>classicum</span> 
     </span>
     <span class='ocr_line' id='line_1_18' title="bbox 467 1118 636 1156; baseline 0.006 -2"><span class='ocrx_word' id='word_1_94' title='bbox 467 1118 636 1156; x_wconf 83' lang='lat' dir='ltr'>intersit.</span> 
     </span>
    </p>
   </div>
   <div class='ocr_carea' id='block_1_4' title="bbox 131 1176 1533 1461">
    <p class='ocr_par' dir='ltr' id='par_1_4' title="bbox 131 1176 1533 1461">
     <span class='ocr_line' id='line_1_19' title="bbox 206 1176 976 1215; baseline 0.001 -2"><span class='ocrx_word' id='word_1_95' title='bbox 206 1177 354 1214; x_wconf 83' lang='lat' dir='ltr'><strong>XXIII.</strong></span> <span class='ocrx_word' id='word_1_96' title='bbox 387 1177 444 1214; x_wconf 90' lang='lat' dir='ltr'>De</span> <span class='ocrx_word' id='word_1_97' title='bbox 478 1177 761 1215; x_wconf 76' lang='lat' dir='ltr'>exercitatione</span> <span class='ocrx_word' id='word_1_98' title='bbox 792 1176 976 1214; x_wconf 89' lang='lat' dir='ltr'>militum.</span> 
     </span>
     <span class='ocr_line' id='line_1_20' title="bbox 183 1234 1531 1285; baseline 0.001 -13"><span class='ocrx_word' id='word_1_99' title='bbox 183 1235 350 1274; x_wconf 88' lang='lat' dir='ltr'><strong>XXIIII.</strong></span> <span class='ocrx_word' id='word_1_100' title='bbox 382 1236 575 1285; x_wconf 80' lang='lat' dir='ltr'>Exempla</span> <span class='ocrx_word' id='word_1_101' title='bbox 606 1236 928 1274; x_wconf 70' lang='lat' dir='ltr'>adhortationum</span> <span class='ocrx_word' id='word_1_102' title='bbox 960 1235 1136 1273; x_wconf 75' lang='lat' dir='ltr'>exercitii</span> <span class='ocrx_word' id='word_1_103' title='bbox 1161 1235 1344 1273; x_wconf 86' lang='lat' dir='ltr'>militaris</span> <span class='ocrx_word' id='word_1_104' title='bbox 1371 1235 1419 1273; x_wconf 92' lang='lat' dir='ltr'>de</span> <span class='ocrx_word' id='word_1_105' title='bbox 1443 1234 1531 1273; x_wconf 85' lang='lat' dir='ltr'>aliis</span> 
     </span>
     <span class='ocr_line' id='line_1_21' title="bbox 131 1295 796 1333; baseline 0.006 -4"><span class='ocrx_word' id='word_1_106' title='bbox 131 1305 164 1329; x_wconf 79' lang='lat'>20</span> <span class='ocrx_word' id='word_1_107' title='bbox 468 1295 622 1332; x_wconf 86' lang='lat' dir='ltr'>artibus</span> <span class='ocrx_word' id='word_1_108' title='bbox 655 1296 796 1333; x_wconf 87' lang='lat' dir='ltr'>tracta.</span> 
     </span>
     <span class='ocr_line' id='line_1_22' title="bbox 231 1353 1533 1391; baseline 0.002 -2"><span class='ocrx_word' id='word_1_109' title='bbox 231 1353 352 1390; x_wconf 88' lang='lat' dir='ltr'><strong>XXV.</strong></span> <span class='ocrx_word' id='word_1_110' title='bbox 385 1353 643 1391; x_wconf 84' lang='lat' dir='ltr'>Enumeratio</span> <span class='ocrx_word' id='word_1_111' title='bbox 684 1354 1016 1391; x_wconf 78' lang='lat' dir='ltr'>ferramentorum</span> <span class='ocrx_word' id='word_1_112' title='bbox 1057 1355 1121 1391; x_wconf 86' lang='lat' dir='ltr'>uel</span> <span class='ocrx_word' id='word_1_113' title='bbox 1165 1354 1438 1391; x_wconf 85' lang='lat' dir='ltr'>machinarum</span> <span class='ocrx_word' id='word_1_114' title='bbox 1479 1354 1533 1391; x_wconf 87' lang='lat' dir='ltr'>Ie-</span> 
     </span>
     <span class='ocr_line' id='line_1_23' title="bbox 468 1425 607 1461; baseline 0 -12"><span class='ocrx_word' id='word_1_115' title='bbox 468 1425 607 1461; x_wconf 78' lang='lat' dir='ltr'>gioms.</span> 
     </span>
    </p>
   </div>
   <div class='ocr_carea' id='block_1_5' title="bbox 184 1493 467 1496">
    <p class='ocr_par' dir='ltr' id='par_1_5' title="bbox 184 1493 467 1496">
     <span class='ocr_line' id='line_1_24' title="bbox 184 1493 467 1496; baseline 0 0"><span class='ocrx_word' id='word_1_116' title='bbox 184 1493 467 1496; x_wconf 95' lang='lat' dir='ltr'> </span> 
     </span>
    </p>
   </div>
   <div class='ocr_carea' id='block_1_6' title="bbox 184 1535 1535 2007">
    <p class='ocr_par' dir='ltr' id='par_1_6' title="bbox 185 1535 1534 1629">
     <span class='ocr_line' id='line_1_25' title="bbox 280 1535 1533 1581; baseline 0 -11"><span class='ocrx_word' id='word_1_117' title='bbox 280 1541 299 1571; x_wconf 79' lang='lat'><strong>2</strong></span> <span class='ocrx_word' id='word_1_118' title='bbox 326 1536 496 1581; x_wconf 86' lang='lat' dir='ltr'>peditum</span> <span class='ocrx_word' id='word_1_119' title='bbox 521 1538 585 1571; x_wconf 78' lang='lat'>7100</span> <span class='ocrx_word' id='word_1_120' title='bbox 612 1537 686 1571; x_wconf 79' lang='lat' dir='ltr'>Ioco</span> <span class='ocrx_word' id='word_1_121' title='bbox 713 1537 882 1571; x_wconf 70' lang='lat' dir='ltr'>omittam</span> <span class='ocrx_word' id='word_1_122' title='bbox 909 1549 925 1571; x_wconf 80' lang='grc' dir='ltr'><em>ε</em></span> <span class='ocrx_word' id='word_1_123' title='bbox 1001 1541 1021 1570; x_wconf 90' lang='grc'><strong>3</strong></span> <span class='ocrx_word' id='word_1_124' title='bbox 1049 1535 1152 1570; x_wconf 88' lang='lat' dir='ltr'><strong>XIIII</strong></span> <span class='ocrx_word' id='word_1_125' title='bbox 1178 1547 1243 1572; x_wconf 80' lang='lat' dir='ltr'>om.</span> <span class='ocrx_word' id='word_1_126' title='bbox 1265 1549 1280 1571; x_wconf 82' lang='grc' dir='ltr'><em>ε</em></span> <span class='ocrx_word' id='word_1_127' title='bbox 1357 1541 1377 1571; x_wconf 88' lang='lat'><em>8</em></span> <span class='ocrx_word' id='word_1_128' title='bbox 1405 1536 1533 1571; x_wconf 85' lang='lat' dir='ltr'>aduer-</span> 
     </span>
     <span class='ocr_line' id='line_1_26' title="bbox 185 1583 1534 1629; baseline 0.001 -12"><span class='ocrx_word' id='word_1_129' title='bbox 185 1583 232 1618; x_wconf 92' lang='lat' dir='ltr'>sis</span> <span class='ocrx_word' id='word_1_130' title='bbox 253 1597 278 1629; x_wconf 85' lang='grc' dir='ltr'>μ</span> <span class='ocrx_word' id='word_1_131' title='bbox 311 1583 483 1618; x_wconf 85' lang='lat' dir='ltr'>aduersus</span> <span class='ocrx_word' id='word_1_132' title='bbox 508 1583 541 1618; x_wconf 99' lang='lat' dir='ltr'><strong><em>G</em></strong></span> <span class='ocrx_word' id='word_1_133' title='bbox 574 1583 711 1617; x_wconf 84' lang='lat' dir='ltr'>auersis</span> <span class='ocrx_word' id='word_1_134' title='bbox 731 1584 796 1617; x_wconf 81' lang='grc' dir='ltr'>Απ</span> <span class='ocrx_word' id='word_1_135' title='bbox 919 1587 962 1618; x_wconf 91' lang='grc'>10</span> <span class='ocrx_word' id='word_1_136' title='bbox 988 1583 1077 1618; x_wconf 86' lang='lat' dir='ltr'>Pret</span> <span class='ocrx_word' id='word_1_137' title='bbox 1110 1594 1201 1618; x_wconf 73' lang='lat' dir='ltr'>corr.</span> <span class='ocrx_word' id='word_1_138' title='bbox 1235 1595 1289 1619; x_wconf 80' lang='lat' dir='ltr'>ex.</span> <span class='ocrx_word' id='word_1_139' title='bbox 1322 1586 1475 1628; x_wconf 83' lang='lat' dir='ltr'>propter</span> <span class='ocrx_word' id='word_1_140' title='bbox 1504 1583 1534 1629; x_wconf 98' lang='lat' dir='ltr'>Q</span> 
     </span>
    </p>

    <p class='ocr_par' dir='ltr' id='par_1_7' title="bbox 184 1630 1535 2007">
     <span class='ocr_line' id='line_1_27' title="bbox 281 1630 1484 1676; baseline 0.001 -12"><span class='ocrx_word' id='word_1_141' title='bbox 281 1632 390 1666; x_wconf 86' lang='lat' dir='ltr'>robor</span> <span class='ocrx_word' id='word_1_142' title='bbox 418 1632 447 1676; x_wconf 81' lang='lat' dir='ltr'>Q</span> <span class='ocrx_word' id='word_1_143' title='bbox 546 1631 803 1676; x_wconf 83' lang='lat' dir='ltr'>computa-ndi]</span> <span class='ocrx_word' id='word_1_144' title='bbox 832 1630 1070 1675; x_wconf 86' lang='lat' dir='ltr'>compotandi</span> <span class='ocrx_word' id='word_1_145' title='bbox 1098 1630 1127 1675; x_wconf 90' lang='lat' dir='ltr'>Q</span> <span class='ocrx_word' id='word_1_146' title='bbox 1153 1631 1409 1665; x_wconf 84' lang='lat' dir='ltr'>commutandi</span> <span class='ocrx_word' id='word_1_147' title='bbox 1435 1631 1484 1665; x_wconf 85' lang='lat' dir='ltr'><strong><em>M</em></strong></span> 
     </span>
     <span class='ocr_line' id='line_1_28' title="bbox 187 1677 1534 1723; baseline 0 -11"><span class='ocrx_word' id='word_1_148' title='bbox 187 1682 229 1712; x_wconf 91' lang='lat'>11</span> <span class='ocrx_word' id='word_1_149' title='bbox 252 1678 472 1720; x_wconf 70' lang='lat' dir='ltr'>elegendam</span> <span class='ocrx_word' id='word_1_150' title='bbox 499 1691 515 1712; x_wconf 77' lang='grc' dir='ltr'><em>ε</em></span> <span class='ocrx_word' id='word_1_151' title='bbox 575 1683 616 1712; x_wconf 83' lang='lat'>12</span> <span class='ocrx_word' id='word_1_152' title='bbox 639 1681 729 1722; x_wconf 81' lang='lat' dir='ltr'>aput</span> <span class='ocrx_word' id='word_1_153' title='bbox 748 1678 784 1712; x_wconf 83' lang='lat' dir='ltr'><strong><em>A</em></strong></span> <span class='ocrx_word' id='word_1_154' title='bbox 841 1683 883 1712; x_wconf 85' lang='lat'>13</span> <span class='ocrx_word' id='word_1_155' title='bbox 911 1677 1128 1713; x_wconf 78' lang='lat' dir='ltr'>seruandam</span> <span class='ocrx_word' id='word_1_156' title='bbox 1147 1677 1238 1723; x_wconf 85' lang='lat' dir='ltr'>ipsis</span> <span class='ocrx_word' id='word_1_157' title='bbox 1254 1679 1294 1712; x_wconf 88' lang='lat' dir='ltr'><em>H</em></span> <span class='ocrx_word' id='word_1_158' title='bbox 1315 1677 1534 1712; x_wconf 85' lang='lat' dir='ltr'>seruandum</span> 
     </span>
     <span class='ocr_line' id='line_1_29' title="bbox 184 1724 1463 1771; baseline 0.001 -13"><span class='ocrx_word' id='word_1_159' title='bbox 184 1725 274 1770; x_wconf 84' lang='lat' dir='ltr'>ipsis</span> <span class='ocrx_word' id='word_1_160' title='bbox 289 1725 373 1771; x_wconf 65' lang='lat' dir='ltr'>PG2</span> <span class='ocrx_word' id='word_1_161' title='bbox 397 1726 615 1760; x_wconf 84' lang='lat' dir='ltr'>seruandum</span> <span class='ocrx_word' id='word_1_162' title='bbox 638 1725 693 1771; x_wconf 83' lang='lat' dir='ltr'>[i.]</span> <span class='ocrx_word' id='word_1_163' title='bbox 717 1727 766 1759; x_wconf 79' lang='grc' dir='ltr'>αδ</span> <span class='ocrx_word' id='word_1_164' title='bbox 788 1724 893 1771; x_wconf 79' lang='lat' dir='ltr'>[seru.</span> <span class='ocrx_word' id='word_1_165' title='bbox 915 1726 956 1771; x_wconf 85' lang='lat' dir='ltr'>i.]</span> <span class='ocrx_word' id='word_1_166' title='bbox 978 1726 1096 1761; x_wconf 57' lang='grc' dir='ltr'>Βατία,</span> <span class='ocrx_word' id='word_1_167' title='bbox 1157 1729 1200 1759; x_wconf 83' lang='grc'>14</span> <span class='ocrx_word' id='word_1_168' title='bbox 1221 1724 1418 1761; x_wconf 81' lang='lat' dir='ltr'>ohohortes</span> <span class='ocrx_word' id='word_1_169' title='bbox 1434 1726 1463 1770; x_wconf 88' lang='lat' dir='ltr'>Q</span> 
     </span>
     <span class='ocr_line' id='line_1_30' title="bbox 188 1772 1534 1817; baseline 0 -10"><span class='ocrx_word' id='word_1_170' title='bbox 188 1777 230 1807; x_wconf 83' lang='lat'>19</span> <span class='ocrx_word' id='word_1_171' title='bbox 246 1772 525 1807; x_wconf 84' lang='lat' dir='ltr'>adortationum</span> <span class='ocrx_word' id='word_1_172' title='bbox 539 1787 563 1817; x_wconf 85' lang='grc' dir='ltr'><em>μ</em></span> <span class='ocrx_word' id='word_1_173' title='bbox 584 1773 727 1807; x_wconf 85' lang='lat' dir='ltr'>adhort.</span> <span class='ocrx_word' id='word_1_174' title='bbox 744 1776 781 1807; x_wconf 88' lang='lat' dir='ltr'>et</span> <span class='ocrx_word' id='word_1_175' title='bbox 801 1772 968 1807; x_wconf 78' lang='lat' dir='ltr'>exercitii</span> <span class='ocrx_word' id='word_1_176' title='bbox 988 1774 1059 1816; x_wconf 79' lang='lat' dir='ltr'>(uel</span> <span class='ocrx_word' id='word_1_177' title='bbox 1079 1773 1255 1817; x_wconf 82' lang='lat' dir='ltr'>exercitu)</span> <span class='ocrx_word' id='word_1_178' title='bbox 1277 1773 1314 1807; x_wconf 90' lang='lat' dir='ltr'><em>P</em></span> <span class='ocrx_word' id='word_1_179' title='bbox 1381 1777 1424 1808; x_wconf 81' lang='lat'>21</span> <span class='ocrx_word' id='word_1_180' title='bbox 1447 1783 1534 1807; x_wconf 89' lang='lat' dir='ltr'>enu—</span> 
     </span>
     <span class='ocr_line' id='line_1_31' title="bbox 186 1819 1535 1865; baseline 0.001 -12"><span class='ocrx_word' id='word_1_181' title='bbox 186 1820 340 1854; x_wconf 86' lang='lat' dir='ltr'>meratis</span> <span class='ocrx_word' id='word_1_182' title='bbox 362 1823 401 1854; x_wconf 83' lang='lat' dir='ltr'><em>H</em></span> <span class='ocrx_word' id='word_1_183' title='bbox 495 1820 872 1865; x_wconf 82' lang='lat' dir='ltr'>perferramentorum</span> <span class='ocrx_word' id='word_1_184' title='bbox 898 1821 945 1854; x_wconf 82' lang='lat' dir='ltr'>A&#39;</span> <span class='ocrx_word' id='word_1_185' title='bbox 1019 1819 1274 1855; x_wconf 84' lang='lat' dir='ltr'>machinorum</span> <span class='ocrx_word' id='word_1_186' title='bbox 1301 1833 1335 1856; x_wconf 85' lang='grc' dir='ltr'>α.</span> <span class='ocrx_word' id='word_1_187' title='bbox 1403 1820 1535 1854; x_wconf 68' lang='lat' dir='ltr'>Denuo</span> 
     </span>
     <span class='ocr_line' id='line_1_32' title="bbox 186 1866 1535 1910; baseline 0 -9"><span class='ocrx_word' id='word_1_188' title='bbox 186 1868 311 1902; x_wconf 75' lang='lat' dir='ltr'>titulos</span> <span class='ocrx_word' id='word_1_189' title='bbox 337 1879 360 1901; x_wconf 83' lang='grc' dir='ltr'>α</span> <span class='ocrx_word' id='word_1_190' title='bbox 386 1866 534 1901; x_wconf 87' lang='lat' dir='ltr'><strong>XXII—</strong></span> <span class='ocrx_word' id='word_1_191' title='bbox 539 1867 640 1902; x_wconf 89' lang='lat' dir='ltr'>XXV</span> <span class='ocrx_word' id='word_1_192' title='bbox 667 1868 809 1902; x_wconf 74' lang='lat' dir='ltr'>addunt</span> <span class='ocrx_word' id='word_1_193' title='bbox 835 1867 919 1910; x_wconf 78' lang='lat' dir='ltr'>AG,</span> <span class='ocrx_word' id='word_1_194' title='bbox 956 1868 1015 1902; x_wconf 78' lang='lat' dir='ltr'>ille</span> <span class='ocrx_word' id='word_1_195' title='bbox 1039 1868 1103 1902; x_wconf 77' lang='lat' dir='ltr'>hoe</span> <span class='ocrx_word' id='word_1_196' title='bbox 1130 1868 1202 1902; x_wconf 77' lang='lat' dir='ltr'>loco</span> <span class='ocrx_word' id='word_1_197' title='bbox 1229 1867 1535 1902; x_wconf 81' lang='lat' dir='ltr'>ferramentorum</span> 
     </span>
     <span class='ocr_line' id='line_1_33' title="bbox 187 1914 1534 1960; baseline 0 -12"><span class='ocrx_word' id='word_1_198' title='bbox 187 1919 219 1948; x_wconf 77' lang='lat' dir='ltr'>et</span> <span class='ocrx_word' id='word_1_199' title='bbox 238 1915 506 1958; x_wconf 84' lang='lat' dir='ltr'>machinarum,</span> <span class='ocrx_word' id='word_1_200' title='bbox 533 1916 591 1949; x_wconf 65' lang='lat' dir='ltr'>hic</span> <span class='ocrx_word' id='word_1_201' title='bbox 610 1915 755 1949; x_wconf 76' lang='lat' dir='ltr'>feri-‚am</span> <span class='ocrx_word' id='word_1_202' title='bbox 777 1918 808 1949; x_wconf 68' lang='lat' dir='ltr'>et</span> <span class='ocrx_word' id='word_1_203' title='bbox 828 1914 1083 1949; x_wconf 74' lang='lat' dir='ltr'>machinor-um</span> <span class='ocrx_word' id='word_1_204' title='bbox 1099 1915 1320 1960; x_wconf 71' lang='lat' dir='ltr'>praebentes</span> <span class='ocrx_word' id='word_1_205' title='bbox 1364 1915 1457 1948; x_wconf 80' lang='lat' dir='ltr'>Item</span> <span class='ocrx_word' id='word_1_206' title='bbox 1478 1914 1534 1957; x_wconf 80' lang='lat' dir='ltr'>M,</span> 
     </span>
     <span class='ocr_line' id='line_1_34' title="bbox 187 1960 1534 2007; baseline -0.001 -10.986"><span class='ocrx_word' id='word_1_207' title='bbox 187 1963 248 1997; x_wconf 77' lang='lat' dir='ltr'>sed</span> <span class='ocrx_word' id='word_1_208' title='bbox 267 1963 513 2007; x_wconf 75' lang='lat' dir='ltr'>compluribus</span> <span class='ocrx_word' id='word_1_209' title='bbox 534 1963 654 1997; x_wconf 75' lang='lat' dir='ltr'>uerbis</span> <span class='ocrx_word' id='word_1_210' title='bbox 673 1962 886 2006; x_wconf 55' lang='lat' dir='ltr'>depretiatis</span> <span class='ocrx_word' id='word_1_211' title='bbox 936 1966 978 1996; x_wconf 79' lang='lat'>22</span> <span class='ocrx_word' id='word_1_212' title='bbox 1000 1963 1143 1997; x_wconf 73' lang='lat' dir='ltr'>addunt</span> <span class='ocrx_word' id='word_1_213' title='bbox 1156 1961 1254 2006; x_wconf 76' lang='lat' dir='ltr'>Expt</span> <span class='ocrx_word' id='word_1_214' title='bbox 1275 1960 1440 2005; x_wconf 78' lang='lat' dir='ltr'>capitula</span> <span class='ocrx_word' id='word_1_215' title='bbox 1459 1961 1534 1995; x_wconf 87' lang='lat' dir='ltr'>AD</span> 
     </span>
    </p>
   </div>
   <div class='ocr_carea' id='block_1_7' title="bbox 188 2011 1090 2089">
    <p class='ocr_par' dir='ltr' id='par_1_8' title="bbox 188 2011 1090 2089">
     <span class='ocr_line' id='line_1_35' title="bbox 188 2011 1090 2089; baseline 0 -11"><span class='ocrx_word' id='word_1_216' title='bbox 188 2011 532 2089; x_wconf 56' lang='lat' dir='ltr'>expl1oi³tn2capitula</span> <span class='ocrx_word' id='word_1_217' title='bbox 561 2043 593 2078; x_wconf 89' lang='lat' dir='ltr'><strong><em>G</em></strong></span> <span class='ocrx_word' id='word_1_218' title='bbox 620 2044 834 2089; x_wconf 79' lang='lat' dir='ltr'>Expliciunt</span> <span class='ocrx_word' id='word_1_219' title='bbox 859 2043 1023 2089; x_wconf 83' lang='lat' dir='ltr'>capitula</span> <span class='ocrx_word' id='word_1_220' title='bbox 1056 2044 1090 2078; x_wconf 85' lang='lat' dir='ltr'><strong><em>V</em></strong></span> 
     </span>
    </p>
   </div>
   <div class='ocr_carea' id='block_1_8' title="bbox 188 2136 1536 2279">
    <p class='ocr_par' dir='ltr' id='par_1_9' title="bbox 188 2136 1536 2279">
     <span class='ocr_line' id='line_1_36' title="bbox 283 2136 1536 2184; baseline -0.001 -12"><span class='ocrx_word' id='word_1_221' title='bbox 283 2138 454 2183; x_wconf 73' lang='lat' dir='ltr'>Sequenti</span> <span class='ocrx_word' id='word_1_222' title='bbox 480 2140 632 2184; x_wconf 70' lang='lat' dir='ltr'>proloyo</span> <span class='ocrx_word' id='word_1_223' title='bbox 661 2139 735 2173; x_wconf 84' lang='lat' dir='ltr'>HD</span> <span class='ocrx_word' id='word_1_224' title='bbox 766 2139 1009 2183; x_wconf 68' lang='lat' dir='ltr'>praemittunt</span> <span class='ocrx_word' id='word_1_225' title='bbox 1050 2138 1202 2183; x_wconf 73' lang='lat' dir='ltr'>‘Incipit</span> <span class='ocrx_word' id='word_1_226' title='bbox 1233 2136 1416 2183; x_wconf 83' lang='lat' dir='ltr'>praefatio</span> <span class='ocrx_word' id='word_1_227' title='bbox 1449 2137 1536 2172; x_wconf 85' lang='lat' dir='ltr'>libri</span> 
     </span>
     <span class='ocr_line' id='line_1_37' title="bbox 188 2184 1535 2231; baseline 0.001 -13"><span class='ocrx_word' id='word_1_228' title='bbox 188 2185 349 2219; x_wconf 83' lang='lat' dir='ltr'>seeundi&#39;</span> <span class='ocrx_word' id='word_1_229' title='bbox 384 2187 641 2231; x_wconf 70' lang='lat' dir='ltr'>subiunyz‘tque</span> <span class='ocrx_word' id='word_1_230' title='bbox 666 2187 704 2220; x_wconf 88' lang='lat' dir='ltr'><em>D</em></span> <span class='ocrx_word' id='word_1_231' title='bbox 737 2186 798 2220; x_wconf 75' lang='lat' dir='ltr'>‘ad</span> <span class='ocrx_word' id='word_1_232' title='bbox 831 2185 1077 2221; x_wconf 85' lang='lat' dir='ltr'>Theodosium</span> <span class='ocrx_word' id='word_1_233' title='bbox 1111 2185 1302 2220; x_wconf 84' lang='lat' dir='ltr'>Caesarem</span> <span class='ocrx_word' id='word_1_234' title='bbox 1330 2184 1535 2228; x_wconf 81' lang='lat' dir='ltr'>Augustum</span> 
     </span>
     <span class='ocr_line' id='line_1_38' title="bbox 188 2232 1167 2279; baseline 0.001 -13"><span class='ocrx_word' id='word_1_235' title='bbox 188 2232 470 2277; x_wconf 85' lang='lat' dir='ltr'>Imperatorem’</span> <span class='ocrx_word' id='word_1_236' title='bbox 501 2235 553 2268; x_wconf 71' lang='lat' dir='ltr'>In</span> <span class='ocrx_word' id='word_1_237' title='bbox 579 2235 701 2270; x_wconf 74' lang='lat' dir='ltr'>ceteris</span> <span class='ocrx_word' id='word_1_238' title='bbox 725 2234 781 2268; x_wconf 71' lang='lat' dir='ltr'>nil</span> <span class='ocrx_word' id='word_1_239' title='bbox 805 2234 845 2268; x_wconf 77' lang='lat' dir='ltr'>id</span> <span class='ocrx_word' id='word_1_240' title='bbox 869 2244 981 2279; x_wconf 59' lang='lat' dir='ltr'>genus</span> <span class='ocrx_word' id='word_1_241' title='bbox 1006 2237 1167 2278; x_wconf 72' lang='lat' dir='ltr'>apparet.</span> 
     </span>
    </p>
   </div>
   <div class='ocr_carea' id='block_1_9' title="bbox 722 2331 1003 2335">
    <p class='ocr_par' dir='ltr' id='par_1_10' title="bbox 722 2331 1003 2335">
     <span class='ocr_line' id='line_1_39' title="bbox 722 2331 1003 2335; baseline 0 0"><span class='ocrx_word' id='word_1_242' title='bbox 722 2331 1003 2335; x_wconf 95' lang='lat' dir='ltr'> </span> 
     </span>
    </p>
   </div>
   <div class='ocr_carea' id='block_1_10' title="bbox 1594 2261 1638 2620">
    <p class='ocr_par' dir='ltr' id='par_1_11' title="bbox 1594 2261 1638 2620">
     <span class='ocr_line' id='line_1_40' title="bbox 1594 2261 1638 2620; baseline 0 0"><span class='ocrx_word' id='word_1_243' title='bbox 1594 2261 1638 2620; x_wconf 95' lang='lat' dir='ltr'> </span> 
     </span>
    </p>
   </div>
  </div>
 </body>
</html>
