1638 2620
563 119 642 154 Lib.
670 119 751 164 ΗΠ,
780 123 832 154 18.
865 123 917 155 19.
944 123 1000 154 20.
1371 120 1452 161 141

109 219 242 269 figitur
280 217 384 269 ligno
425 219 686 269 turritamque
725 219 946 257 machinam
992 219 1222 269 frequenter
1267 220 1453 258 incendit.

107 276 282 328 Depositi
316 289 473 328 quoque
505 276 685 315 homines
718 277 897 329 funibus,
936 290 1024 316 cum
1067 277 1201 316 hostes
1241 278 1454 327 dormiunt,

107 337 148 374 in
180 335 369 374 lanternis
400 341 562 387 portant
593 335 775 375 lucernas
809 341 846 375 et
878 338 1052 375 incensis
1078 336 1268 375 machinis
1295 349 1455 376 ruisum

107 394 289 433 leuantur
314 396 354 432 in
381 406 549 433 murum.
600 394 748 433 XVIIII.
778 394 989 434 Praeterea
1014 408 1085 446 pai
1091 402 1168 434 tem
1195 397 1309 448 muri,
1325 409 1407 435 Quem
1409 411 1484 431 auno
1488 411 1574 431 duna
1579 411 1595 431 1-

107 453 154 491 ad
187 465 303 504 quam
335 453 513 492 machina
540 458 705 492 conatur
732 453 931 507 accedeie,
964 461 1165 493 caemento
1193 428 1411 506 atquegtffi.
1441 446 1497 461 ”¹¹¹
1554 441 1598 461 Μ’

106 511 301 562 lapidibus
333 511 398 551 uel
435 512 518 550 luto
557 513 642 551 siue
681 511 890 565 lateribus,
929 518 1129 563 postremo
1168 513 1352 552 tabulatis
1391 526 1454 553 ex-

107 570 276 609 truendo
309 571 457 610 faciunt
489 570 678 623 altiorem,
711 583 760 610 ne
793 571 1022 611 defensores
1054 574 1254 611 moenium
1284 573 1455 624 desuper

106 628 197 668 urbi
238 635 407 669 uentura
444 631 570 681 possit
609 630 845 682 obprimere.
902 630 1064 670 Constat
1103 636 1233 670 autem
1275 633 1455 671 inefficax

106 688 466 728 machinamentum
499 689 625 741 reddi,
657 690 690 728 si
721 690 948 728 inueniatur
979 690 1157 729 inferius.
1211 690 1356 730 Verum
1390 691 1455 729 ob-

107 747 281 786 sidentes
321 748 513 787 eiusmodi
551 748 684 787 dolum
727 747 914 787 adhihere
957 755 1264 788 consueuerunt.
1322 749 1455 788 Primo
1477 760 1510 784 10

106 805 222 844 talem
251 811 440 845 extruunt
466 813 630 859 turrem,
664 820 762 858 quae
792 807 1099 858 propugnaculis
1126 809 1298 847 ciuitatis
1324 809 1455 847 uidea-

106 871 171 904 tur
198 865 383 917 inferi0r3
416 866 558 904 deinde
586 872 739 905 secreto
773 866 887 905 aliam
920 867 967 905 de
999 866 1183 905 tabulatis
1216 869 1456 906 intrinsecus

106 923 339 963 turriculam
372 925 522 963 faciunt
553 930 610 978 et,
652 937 742 964 cum
775 926 900 964 muris
933 925 1054 964 fuerit
1086 925 1264 964 machina
1298 928 1455 978 sociata,

108 982 239 1022 subito
283 983 444 1022 funibus
482 984 749 1036 trochleisque
789 984 836 1022 de
876 984 1004 1022 medio
1047 985 1239 1023 turricula
1272 984 1335 1023 illa
1367 998 1455 1036 pro-

108 1041 278 1094 ducitur,
311 1042 358 1081 de
393 1055 468 1093 qua
501 1043 750 1093 egredientes
783 1044 938 1095 armati,
972 1045 1062 1094 quia
1095 1043 1209 1082 altior
1240 1045 1456 1097 inuenitur,
1477 1054 1509 1078 1⁵

107 1102 238 1140 statim
271 1102 430 1152 capiunt
463 1103 674 1141 ciuitatem.
726 1102 806 1141 XX.
834 1102 1037 1141 Interdum
1063 1102 1310 1153 longissimas
1326 1128 1597 1155 Quopaemuff.,ffi„.

107 1160 351 1211 ferratasque
378 1160 509 1200 trahes
535 1161 740 1212 obponunt
766 1161 968 1200 machinae
994 1163 1173 1200 uenienti
1206 1174 1307 1200 eam·
1322 1160 1599 1210 {ffinfffiefggges‘g‘nffi

107 1231 183 1270 que
204 1231 224 1257 a
245 1220 348 1258 muri
365 1221 567 1259 uicinitate
587 1221 825 1272 propellunt.
859 1219 934 1258 Sed
957 1232 1046 1259 cum
1067 1220 1310 1259 Rhodiorum
1326 1219 1414 1244 1⁷⁰³Sst·

108 1279 247 1317 ciuitas
268 1277 564 1329 obpugnaretur
586 1279 633 1317 ab
654 1279 834 1318 hostibus
855 1285 894 1318 et
914 1281 1036 1318 turris
1060 1279 1316 1318 ambulatoria
1338 1292 1456 1332 supra

106 1349 311 1376 murorum
331 1337 578 1377 altitudinem
605 1350 648 1377 ac
669 1340 839 1378 turrium
861 1339 1036 1377 omnium
1058 1345 1276 1391 pararetur,
1304 1339 1455 1377 mecha·
1478 1352 1510 1373 :²0

107 1397 186 1434 nici
216 1397 375 1447 ingenio
401 1398 610 1436 inuentum
638 1404 697 1436 est
722 1397 798 1437 tale
826 1397 1056 1436 remedium.
1098 1397 1174 1436 Per
1200 1404 1356 1437 noctem
1385 1398 1456 1437 sub

109 1454 360 1494 fundamenta
386 1458 490 1495 muri
517 1456 745 1495 cuniculum
773 1456 870 1495 fodit
896 1462 935 1495 et
960 1456 1069 1494 illum
1097 1456 1239 1509 locum,
1266 1457 1311 1495 ad
1340 1470 1457 1508 quem

131 1580 175 1614 V.
196 1581 237 1616 L.
335 1580 419 1617 CAP.
446 1581 596 1616 XVIIII.
647 1587 666 1617 3
694 1581 850 1616 laternis
871 1582 981 1626 uulgto
1056 1585 1074 1616 7
1101 1581 1162 1626 ne]
1190 1583 1232 1616 ut
1256 1594 1283 1615 π
1357 1587 1376 1618 8
1404 1582 1457 1617 111-

108 1627 239 1663 efficax
264 1641 291 1662 π
318 1628 447 1663 efficax
474 1628 527 1663 Ga
554 1629 681 1664 efficas
702 1629 736 1663 α’
802 1632 845 1663 10
872 1628 1157 1675 consueuerunt]
1186 1629 1403 1664 consuerunt
1423 1633 1460 1664 H

204 1679 245 1709 11
273 1678 411 1710 turrem
438 1678 496 1710 εΠ
520 1676 651 1711 tun-im
684 1677 755 1711 VP
784 1676 893 1710 muru
919 1676 957 1710 D
1058 1680 1099 1710 12
1126 1676 1266 1711 tabulis
1289 1677 1369 1711 saP

110 1725 153 1756 14
179 1722 374 1768 trochleis]
401 1723 552 1758 trocleis
577 1723 605 1757 Ο
705 1723 786 1759 CAP
813 1723 890 1758 XX
944 1727 986 1758 18
1015 1724 1068 1769 [a]
1096 1725 1135 1757 H
1207 1728 1250 1758 20
1278 1723 1341 1768 sup
1345 1735 1385 1758 ra
1411 1737 1458 1759 m.

107 1769 217 1814 (muri
246 1770 300 1814 P)
329 1770 377 1816 a.]
408 1770 465 1815 [fi]
493 1782 681 1806 murorum
707 1770 867 1805 altitudo
894 1772 912 1804 λ
991 1771 1202 1816 pararetur]
1233 1770 1459 1815 supfflQatet)

157 1816 367 1852 mechanici
393 1818 478 1852 MV
499 1818 679 1853 mecanici
704 1818 752 1853 A⁷
780 1818 991 1853 machanici
1017 1829 1106 1853 coru)
1134 1819 1175 1853 in
1201 1818 1402 1853 michanici
1424 1820 1463 1852 H

108 1864 324 1899 mechanico
347 1864 375 1910 Q
401 1867 512 1910 zcul9o
538 1866 762 1900 mechaneco
784 1876 872 1900 coor.
894 1866 934 1900 iva
960 1865 1225 1900 mechanicoL
1250 1865 1459 1901 mechanici

109 1912 186 1955 (sed
213 1923 234 1945 a
259 1912 300 1946 in
327 1913 347 1946 l.
375 1923 422 1947 er.
451 1925 473 1947 a
498 1915 540 1953 2,·
567 1912 782 1948 mechanico
809 1916 851 1955 2)
871 1913 908 1947 P
930 1911 1196 1947 moechanicho
1222 1912 1261 1946 D
1311 1917 1354 1947 21
1381 1913 1457 1948 tale

107 1959 214 2004 rem]
241 1960 357 1994 latere
384 1960 478 1994 med.
507 1962 542 1993 H
617 1964 660 1994 2³2
687 1960 945 2006 fundamenta]
973 1962 1039 1994 αΠ
1060 1959 1304 1995 fundamento
1331 1962 1349 1993 λ
1374 1960 1455 1995 fun-

110 2005 295 2041 damentis
316 2007 376 2041 ὃΡ
469 2007 579 2053 fodit]
607 2007 684 2042 fodi
710 2009 748 2041 H

135 2124 170 2159 S.
196 2125 237 2159 L.
311 2127 526 2170 perrumpto
554 2125 600 2159 A*
627 2126 805 2170 perrupta
831 2126 870 2158 H
919 2128 936 2158 1
964 2125 1191 2170 machinam]
1220 2124 1394 2160 machina
1415 2125 1463 2160 Μ

207 2175 225 2206 2
252 2173 414 2218 quoque]
443 2173 615 2217 quodque
642 2174 675 2206 α’
775 2171 857 2208 CAP.
884 2171 1031 2206 XVIIII.
1096 2177 1115 2206 5
1143 2172 1335 2217 accedere]
1364 2173 1458 2207 acci-

110 2218 196 2253 dere
224 2219 272 2253 M
327 2223 350 2254 7
372 2220 557 2254 maenium
585 2221 624 2254 Π
695 2223 715 2254 8
743 2219 951 2264 opprimere
980 2221 1019 2252 H
1086 2223 1127 2254 13
1153 2219 1372 2254 turriculum
1400 2220 1455 2265 Ml

110 2265 192 2311 (Ll)
290 2267 341 2312 et]
368 2269 411 2301 ut
437 2269 476 2301 H
570 2267 698 2313 fuerit]
732 2266 870 2301 fuerint
904 2267 943 2300 H
1039 2270 1081 2300 14
1117 2266 1296 2301 torricula
1322 2267 1371 2301 M

111 2311 194 2347 CAP.
221 2312 297 2347 XX.
375 2318 415 2349 17
443 2314 570 2349 ‘tranei'
591 2315 653 2360 Αμ
751 2316 944 2358 opponunt
976 2316 1040 2358 μΠ
1139 2317 1181 2348 18
1213 2313 1402 2349 mdiorum
1431 2314 1460 2348 Ο

207 2364 249 2395 19
277 2364 552 2406 oppugnaretur
579 2363 728 2406 (opugn.
758 2362 800 2406 Q)
828 2363 892 2405 μΠ
