1638 2620
590 121 670 156 Lib.
696 121 723 166 Ι,
750 124 806 156 25.
832 125 885 156 26.
1353 119 1408 159 ,⁶27

66 222 144 274 bat,
158 228 252 261 tunc
273 233 408 259 omnes
430 222 582 271 equites
599 228 637 260 et
657 220 782 259 media
803 232 893 272 pars
915 219 1089 271 pediturn
1111 219 1157 257 ad
1180 218 1410 270 propulsan-

66 281 160 320 dum
185 283 374 331 impetum
402 279 635 319 ordinantur
661 281 700 317 in
728 281 822 331 acie,
854 279 995 330 reliqui
1027 283 1116 329 post
1148 280 1254 329 ipsos
1281 277 1410 316 ductis

66 340 184 379 fossis
215 340 399 377 muniunt
431 345 577 391 eastra,
618 345 656 377 et
687 351 758 389 per
790 350 1025 389 praeconem
1058 337 1271 388 indicatur,
1311 348 1408 387 quae

68 399 246 437 centuria
271 399 409 449 prima,
442 409 540 448 quae
567 397 751 448 secunda,
784 409 883 447 quae
910 398 1025 436 tertia
1052 408 1150 448 opus
1178 407 1293 434 omne
1320 407 1410 433 con-

64 457 246 509 pleuerit.
290 456 384 495 Post
404 456 477 494 hoc
499 468 519 494 a
545 455 844 495 centurionibus
870 456 972 494 fossa
999 456 1209 506 inspicitur
1235 467 1278 493 ac
1305 466 1410 492 men·
1430 462 1446 487 5

66 521 226 554 suratur
252 521 291 553 et
315 514 541 554 uindicatur
567 516 606 553 in
634 526 713 566 eos,
747 516 814 565 qui
842 514 1112 565 neglegentius
1145 515 1294 552 suerint
1319 525 1410 563 ope-

64 576 150 613 rati.
205 574 263 612 Ad
296 574 401 613 hunc
433 587 526 624 ergo
559 586 675 612 usum
707 573 974 612 instituendus
1008 579 1067 612 est
1099 574 1193 625 tiro,
1226 579 1287 624 ut,
1320 583 1410 610 cum

65 635 281 672 necessitas
320 633 598 684 postulauerit‚
638 634 721 670 sine
754 631 1051 683 perturbatione
1086 640 1125 670 et
1157 631 1340 670 celeriter
1373 637 1411 669 et

66 699 178 731 caute
212 698 339 730 castra
371 693 496 742 possit
528 693 694 730 munire.

170 750 300 789 XXVI.
315 750 418 789 Nihil
434 752 555 801 magis
568 750 754 801 prodesse
771 754 924 788 constat
938 750 977 787 in
993 762 1134 801 pugna,
1150 762 1266 801 quam
1305 756 1528 782 Quemadmdum

1283 792 1296 806 e
1300 792 1409 806 eeeeeee
1412 787 1455 806 tur
1493 786 1553 805 tiro—

63 815 106 848 ut
117 809 280 848 adsiduo
292 811 479 848 exercitio
492 809 634 847 milites
646 811 686 847 in
699 810 780 847 acie
793 809 1004 859 dispositos
1017 809 1175 847 ordines
1188 820 1268 846 ser—
1283 815 1554 865 Effigsusstiffieffiaiss

63 875 159 907 uent
179 868 322 907 necubi
338 875 474 906 contra
496 880 610 918 quam
627 868 784 918 expedit
799 873 865 905 aut
881 866 1116 918 conglobent
1131 880 1266 917 agmen
1283 875 1440 895 custodiant·

64 934 131 966 aut
162 927 304 966 laxent.
336 927 432 965 Nam
467 934 505 965 et
539 928 748 977 constipati
780 926 952 977 perdunt
984 928 1106 976 spatia
1139 926 1339 977 pugnandi
1372 933 1411 964 et

64 985 141 1024 sibi
172 988 343 1025 inuicem
375 986 644 1037 inpedimento
678 991 787 1037 sunt⁷
821 990 859 1023 et
891 986 1063 1023 rariores
1096 990 1213 1035 atque
1246 985 1410 1023 interlu-

63 1051 197 1084 centes
218 1045 366 1083 aditum
386 1045 671 1096 perrumpendi
696 1044 876 1083 hostibus
903 1050 1116 1094 praestant.
1154 1043 1324 1083 Necesse
1352 1049 1410 1082 est
1432 1053 1464 1077 15

62 1110 192 1142 autem
227 1105 357 1142 statim
390 1110 497 1142 metu
524 1105 710 1142 uniuersa
744 1104 944 1154 confundi,
979 1105 1011 1141 fi
1043 1105 1228 1141 intercisa
1256 1105 1337 1142 acie
1366 1102 1411 1141 ad

62 1163 333 1201 dimicantium
354 1168 463 1214 terga
484 1163 608 1201 hostis
623 1164 846 1201 accesserit.
879 1162 1127 1201 Producendi
1148 1175 1242 1213 ergo
1263 1164 1412 1200 tirones

63 1228 155 1260 sunt
182 1234 338 1273 semper
365 1222 410 1260 ad
438 1233 619 1273 campum
649 1228 688 1260 et
719 1221 938 1260 secundum
971 1221 1198 1259 matriculae
1233 1221 1412 1259 ordinem

63 1282 103 1318 in
131 1283 252 1319 aciem
280 1281 486 1332 dirigendi,
512 1282 566 1319 ita
586 1285 630 1319 ut
650 1282 777 1331 primo
799 1280 964 1331 simplex
986 1288 1024 1319 et
1044 1286 1201 1319 extenta
1223 1282 1274 1318 sit
1294 1281 1410 1331 acies,

63 1352 111 1378 ne
140 1352 237 1390 quos
266 1341 387 1391 sinus,
420 1352 467 1378 ne
497 1352 594 1390 quas
619 1339 760 1378 habeat
787 1345 1033 1391 curuaturas‚
1067 1346 1110 1377 ut
1141 1339 1293 1389 aequali
1319 1339 1410 1390 legi·
1432 1350 1466 1374 20

63 1400 237 1449 timoque
271 1400 395 1449 spatio
422 1398 534 1437 miles
561 1398 681 1437 distet
707 1411 727 1436 a
754 1398 890 1437 milite.
941 1398 1051 1436 Tunc
1079 1398 1413 1449 praecipiendum,

64 1463 107 1496 ut
139 1457 270 1496 subito
311 1457 512 1508 duplicent
551 1458 692 1508 aciem,
730 1459 783 1496 ita
815 1463 859 1495 ut
890 1459 929 1495 in
969 1459 1052 1507 ipso
1092 1458 1241 1507 impetu
1276 1458 1326 1508 is,
1366 1456 1412 1495 ad

65 1528 180 1567 quem
208 1516 449 1567 respondere
477 1516 615 1567 solent,
643 1516 738 1554 ordo
767 1522 961 1555 seruetur.
1008 1516 1141 1554 Tertio
1168 1517 1412 1567 praecipien-

78 1640 122 1676 V.
137 1641 177 1677 L.
226 1641 307 1675 CAP.
322 1640 435 1675 XXV.
477 1645 494 1675 1
517 1641 655 1687 media]
678 1641 832 1675 dimidia
853 1641 1018 1675 Eussner
1086 1644 1107 1674 4
1127 1642 1288 1676 tentoria
1310 1642 1368 1675 εΡ

63 1688 333 1733 compleuerint
349 1688 378 1733 Q
404 1689 616 1732 compleant
641 1700 719 1723 cum
746 1690 819 1723 cod.
845 1688 1020 1723 Vossz'cmo
1050 1687 1210 1722 Oudeml.
1312 1693 1328 1722 7
1359 1688 1411 1722 in-

62 1735 285 1781 stituendus]
313 1735 547 1770 instruendus
570 1738 618 1779 H,
653 1740 694 1771 ut
718 1737 795 1780 ipse
820 1737 1014 1771 correxisse
1040 1736 1211 1770 uideatur
1235 1736 1415 1770 librarius

159 1786 179 1817 8
207 1782 377 1817 celeriter
405 1783 458 1828 [et
484 1784 607 1828 cante]
636 1796 651 1818 ε
752 1787 771 1817 9
799 1783 935 1827 possint
961 1796 976 1817 ε

158 1830 238 1865 Off.
266 1829 396 1865 XXVI.
448 1831 651 1874 Inscriptio
677 1832 773 1866 abest
800 1842 823 1864 α
851 1831 910 1875 P„
941 1831 1002 1865 sed
1028 1834 1058 1864 et
1085 1831 1125 1863 in
1151 1830 1214 1863 hoc
1241 1830 1357 1864 codice
1383 1833 1415 1864 et

61 1877 102 1912 in
130 1890 145 1911 ε
172 1882 282 1922 caput
308 1878 353 1912 ab
380 1878 436 1912 his
460 1879 580 1912 uerbis
606 1879 654 1912 ad
680 1879 952 1922 inscriptionem
974 1878 1239 1922 pcrtinentibus
1265 1878 1414 1920 incipit:

62 1924 113 1959 Vt
127 1926 216 1969 (Aut
229 1925 267 1969 α)
289 1924 326 1958 in
348 1924 427 1959 acie
449 1924 597 1959 ordines
613 1926 650 1959 et
668 1924 867 1960 interualla
888 1925 1105 1959 custodiant.
1160 1928 1201 1958 13
1222 1923 1355 1958 lassent
1377 1926 1416 1957 H

158 1973 195 2006 et
221 1971 373 2016 constip.
397 1993 439 1997 —
462 1974 498 2006 et
524 1972 683 2006 rariores
699 1985 714 2007 ε
743 1974 780 2006 et
807 1972 959 2016 constip.
983 1993 1025 1997 —
1046 1972 1101 2006 ita
1127 1983 1196 2005 rar.
1220 1972 1241 2004 δ
1266 1973 1308 2005 ut
1329 1982 1412 2005 con-

62 2018 143 2064 stip.
171 2040 214 2045 -—
241 2019 296 2054 ita
322 2030 390 2054 rar.
419 2020 496 2053 ΠΡ
572 2019 730 2064 perdent
759 2019 804 2065 Gl
891 2024 932 2053 15
960 2019 1161 2064 praestant]
1191 2018 1333 2052 dabunt
1359 2019 1420 2053 &P

159 2071 202 2102 16
228 2066 267 2100 in
293 2065 372 2101 acie
399 2067 461 2100 612
592 2071 632 2101 19
660 2066 815 2111 simplex
844 2068 881 2100 et
913 2068 1061 2101 extenta
1087 2067 1126 2099 H
1158 2064 1315 2110 simplex
1345 2066 1413 2111 [et]

63 2114 211 2148 extensa
238 2114 318 2148 εδΡ
424 2118 467 2148 22
495 2113 528 2147 is
549 2115 594 2148 ad
617 2127 643 2148 π
669 2114 740 2149 esse
765 2114 814 2148 ‘ad
842 2128 865 2148 α
902 2114 967 2159 [is]
994 2114 1041 2148 ad
1071 2114 1099 2158 (ι)

89 2221 122 2256 S.
149 2221 188 2255 L.
240 2219 321 2254 CAP.
349 2220 461 2255 XXV.
501 2224 523 2254 4
550 2219 795 2264 compleuerit
824 2221 864 2254 H
935 2224 954 2254 5
982 2220 1039 2265 ac]
1068 2220 1137 2254 hac
1165 2219 1214 2253 M
1282 2224 1301 2254 6
1328 2231 1415 2264 neg-

63 2267 267 2313 legentius]
292 2267 427 2302 —entias
442 2268 505 2311 Αμ
603 2272 623 2302 8
649 2267 892 2312 postolauerit
919 2268 968 2301 M

161 2313 241 2349 CAP.
268 2314 398 2349 XXVI.
451 2319 492 2349 11
520 2315 660 2350 assiduo
687 2318 725 2348 H
799 2319 840 2349 13
868 2314 1001 2359 spatia]
1031 2313 1153 2358 spacia
1180 2327 1203 2348 α
1280 2318 1322 2347 14
1348 2314 1414 2348 im—

64 2362 277 2406 pedimento
305 2363 344 2395 H
439 2366 481 2397 19
509 2362 648 2407 simpex
676 2362 724 2396 M
827 2366 869 2396 21
899 2373 920 2396 a
946 2361 1090 2395 militae
1117 2362 1166 2395 M
