1638 2620
181 96 239 138 36
726 96 806 132 Lib.
833 96 877 141 11,
903 99 934 131 2.
962 100 994 132 3.

181 197 362 234 licatione
396 197 594 248 conuerti,
634 207 711 233 non
750 201 917 246 possunt
954 195 1168 246 aequaliter
1205 197 1311 235 iussa
1344 197 1527 248 conplere

183 256 250 306 qui
282 260 370 294 ante
402 256 550 306 pariter
583 265 661 292 non
694 254 866 292 fuerunt.
911 254 1058 293 Tamen
1083 254 1179 293 haec
1205 256 1289 305 ipsa
1316 256 1348 294 si
1375 255 1527 295 sollem-

181 313 299 352 nibus
331 313 579 364 diuersisque
612 314 812 351 exercitiis
844 325 967 364 prope
1000 313 1141 352 cotidie
1168 313 1419 367 roborentur,
1451 327 1530 354 non

182 372 435 411 mediocriter
473 374 622 410 iuuant.
679 371 777 409 Nam
815 371 1034 422 legionibus
1073 384 1229 423 semper
1261 373 1402 411 auxilia
1434 378 1530 412 tam-

146 440 162 466 ὅ
185 431 431 482 quamleuis
464 435 663 469 armatura
694 432 734 468 in
767 431 848 469 acie
881 430 1156 483 iungebantur,
1188 437 1232 470 ut
1264 433 1304 470 in
1331 432 1390 470 his
1416 445 1529 483 proe-

182 490 301 528 liandi
327 490 450 540 magis
477 489 757 528 adminiculum
785 495 890 528 esset
917 502 1030 541 quam
1059 490 1272 541 principale
1296 490 1527 532 subsidium.

181 548 300 599 Legio
333 553 464 587 autem
496 549 667 600 propriis
701 548 929 587 cohortibus
961 548 1076 600 plena
1102 561 1192 587 cum
1218 561 1379 600 grauem
1406 562 1528 589 arma-

183 614 322 660 turam,
348 607 422 646 hoc
444 613 504 646 est
529 608 729 658 principes
749 607 923 646 hastatos
944 608 1099 646 triarios
1120 609 1408 661 antesignanos,
1434 610 1528 648 item

181 667 310 705 leuem
338 672 588 718 armaturam,
617 665 691 705 hoc
719 673 778 705 est
804 666 1037 705 ferentarios
1064 667 1284 717 sagittarios
1311 667 1530 707 funditores

128 735 162 760 10
182 725 428 777 ballistarios,
455 738 545 764 cum
571 727 752 776 proprios
779 731 815 764 et
845 725 919 763 sibi
944 726 1084 763 insitos
1111 727 1264 776 equites
1296 725 1530 777 legionarios

180 784 305 823 isdem
332 784 550 823 matriculis
578 790 720 836 teneat,
753 796 843 822 cum
869 796 948 823 uno
978 785 1106 822 animo
1138 786 1302 835 parique
1335 797 1531 824 consensu

181 848 308 881 castra
330 845 491 894 muniat,
513 845 636 881 aciem
656 845 837 894 instruat,
858 842 1050 894 proelium
1078 850 1198 896 gerat,
1225 856 1272 882 ex
1294 845 1400 882 omni
1419 850 1530 895 parte

180 903 373 954 perfecta,
406 902 512 941 nullo
546 904 792 941 extrinsecus
831 901 1011 953 indigens
1050 902 1292 955 adiumento,
1330 908 1531 953 quantam-

181 961 277 1000 libet
307 961 481 1000 hostium
514 961 807 1000 multitudinem
834 973 1021 1011 superare
1049 963 1267 1000 consueuit.
1313 961 1530 1000 Documen-

128 1030 161 1055 15
181 1026 264 1059 tum
298 1025 358 1059 est
389 1020 616 1070 magnitudo
649 1020 839 1073 Romana,
873 1032 972 1071 quae
1005 1032 1160 1071 semper
1196 1032 1285 1058 cum
1312 1020 1532 1071 legionibus

182 1079 371 1118 dimicans
397 1085 549 1118 tantum
572 1079 743 1118 hostium
771 1080 880 1130 uicit,
908 1084 1097 1130 quantum
1124 1078 1187 1117 uel
1213 1080 1297 1130 ipsa
1324 1079 1450 1118 uoluit
1469 1079 1534 1118 uel

41 1164 309 1189 Qfflecausaemu,
324 1150 458 1177 rerum
480 1143 619 1176 natura
639 1140 829 1190 permisit.
868 1137 931 1176 III.
959 1137 1176 1187 Legionum
1197 1150 1340 1176 nomen
1360 1139 1400 1176 in
1422 1150 1532 1177 exer-

39 1194 309 1221 ¹⁴³¹'³se⁶⁴³¹³t¹²g³⁰¹¹e⁵‘
324 1199 404 1236 citu
431 1203 636 1248 permanet
662 1197 877 1249 hodieque,
908 1197 975 1235 sed
1003 1209 1073 1248 per
1106 1197 1392 1248 neglegentiam
1419 1209 1533 1249 supe-

181 1258 332 1295 riorum
365 1261 589 1307 temporum
621 1255 744 1294 robur
776 1256 990 1294 infractum
1017 1260 1087 1307 est,
1121 1268 1211 1294 cum
1237 1258 1397 1295 uirtutis
1425 1269 1533 1307 prae-

129 1325 163 1350 ‘20
184 1317 259 1354 mia
280 1321 493 1366 occuparet
513 1315 671 1353 ambitio
694 1321 732 1353 et
751 1327 823 1365 per
843 1316 1006 1366 gratiam
1026 1321 1359 1365 promouerentur
1378 1315 1533 1367 milites,

185 1376 251 1426 qui
277 1376 507 1426 promoueri
527 1380 818 1413 consueuerant
837 1386 908 1425 per
929 1373 1114 1412 laborem.
1153 1373 1300 1412 Deinde
1323 1373 1532 1413 contuber-

183 1433 337 1473 nalibus
371 1432 563 1484 conpletis
596 1433 802 1484 stipendiis
837 1445 908 1483 per
941 1432 1222 1471 testimoniales
1256 1445 1303 1471 ex
1336 1445 1445 1471 more
1479 1433 1533 1471 di-

184 1494 313 1531 missis
347 1505 425 1530 non
458 1497 551 1530 sunt
583 1492 647 1530 alii
679 1491 894 1530 substituti.
943 1492 1152 1530 Praeterea
1179 1503 1342 1530 necesse
1376 1498 1436 1530 est
1467 1491 1533 1530 ali-

207 1595 249 1627 V.
265 1595 304 1629 L.
357 1599 376 1628 2
397 1594 562 1637 fuerunt]
578 1593 759 1628 fuerintH
774 1593 942 1627 fecerunt
952 1592 1078 1637 Lanqe
1090 1592 1247 1638 (Hyyin.
1259 1593 1379 1628 Grom.
1390 1605 1429 1637 p.
1446 1597 1536 1636 129)

229 1641 471 1676 sollemnibus
482 1642 520 1674 H
531 1640 755 1675 solemnibus
768 1640 886 1674 MGP
897 1638 1149 1684 solempnibus
1158 1641 1213 1674 A).
1228 1639 1536 1685 sollempnibusD

183 1688 299 1723 solam
319 1688 491 1723 omnibus
515 1688 546 1721 V
611 1692 631 1722 8
659 1686 863 1733 [principes
878 1708 921 1712 —
943 1688 1013 1721 hoc
1040 1686 1107 1732 est]
1136 1687 1194 1720 sP
1248 1692 1267 1721 9
1294 1686 1533 1731 ferentarios]

184 1735 493 1771 anteferentarios
501 1735 538 1769 π’
592 1739 634 1770 10
649 1734 873 1769 ballistarios
884 1735 930 1769 A'
944 1733 1168 1769 bailistarios
1178 1735 1217 1767 H
1230 1733 1442 1769 balistarios
1452 1735 1540 1779 μδΡ

281 1787 322 1817 12
350 1782 452 1817 acies
474 1784 513 1816 H
627 1786 670 1817 13
697 1781 850 1827 adium]
880 1780 1120 1816 amminiculo
1147 1783 1242 1824 (cum
1267 1782 1385 1826 ylossa
1409 1793 1533 1825 super·

182 1830 321 1875 scripta
346 1830 495 1873 solacio)
522 1832 561 1863 H
642 1829 931 1875 quantamlibet]
965 1828 1242 1873 quantumlibet
1268 1828 1359 1862 A'V
1381 1829 1537 1863 correxit

182 1878 237 1911 ita
266 1878 295 1922 Q
395 1881 437 1912 14
464 1879 710 1912 consueuerat
735 1877 845 1922 uulgo
943 1876 1223 1922 documentum]
1251 1876 1472 1910 documento
1499 1878 1535 1910 H

183 1924 397 1959 documenti
426 1925 461 1958 P
560 1923 641 1958 CAP.
669 1924 732 1958 III.
833 1928 874 1958 19
902 1924 1002 1969 cum]
1030 1923 1107 1957 ΠΡ
1135 1934 1222 1957 nam
1255 1934 1337 1957 cum
1364 1923 1445 1958 561³

183 1976 227 2006 20
254 1971 464 2017 occupasset
488 1983 624 2006 rasura
649 1983 738 2006 corr.
766 1972 807 2005 in
834 1972 1032 2015 occuparet
1056 1970 1092 2004 Α
1190 1974 1232 2004 21
1261 1970 1408 2015 deinde]
1436 1969 1536 2005 deni-

184 2030 254 2062 que
281 2033 305 2064 μ
403 2024 446 2053 23
475 2018 687 2062 aliquantos
714 2018 858 2064 morbo]
886 2018 1015 2052 morbo
1047 2017 1259 2061 aliquantos
1281 2030 1296 2052 ε

210 2100 242 2135 S.
271 2102 311 2136 L.
390 2106 406 2135 1
433 2101 540 2147 iussa]
570 2101 606 2135 in
635 2101 697 2136 sua
724 2103 763 2134 H
858 2100 1043 2145 complere
1070 2102 1109 2134 H
1204 2104 1223 2134 3
1252 2099 1407 2134 cottidie
1435 2099 1467 2133 οἱ

186 2153 207 2182 4
233 2147 365 2183 iubant
391 2151 431 2183 H
514 2153 534 2183 5
561 2148 777 2193 proeleandi
803 2148 850 2192 Α1
941 2153 960 2182 6
987 2147 1266 2182 amminiculum
1293 2148 1332 2180 H
1409 2151 1427 2181 7
1455 2158 1536 2191 gra-

185 2196 285 2241 uem]
314 2207 429 2240 graue
456 2198 496 2230 H
603 2200 622 2230 9
649 2195 868 2230 fundatores
891 2207 905 2229 ε
1017 2197 1058 2228 11
1085 2193 1215 2239 isdem]
1246 2193 1386 2229 hisdem
1413 2194 1540 2227 A'HP

187 2242 300 2285 (idem
334 2244 382 2287 V)
499 2244 627 2277 teneat
652 2243 806 2278 teneant
832 2243 907 2277 GH
988 2245 1028 2275 15
1057 2242 1169 2287 quae]
1197 2242 1266 2285 que
1296 2243 1334 2275 H
1408 2245 1449 2276 16
1476 2241 1536 2275 de-

185 2288 329 2324 micans
349 2292 397 2335 A1
504 2290 584 2325 CAP.
612 2290 674 2324 ΙΙΙ.
730 2294 771 2324 18
798 2288 1067 2335 negligentiam
1093 2289 1128 2322 A
1210 2286 1255 2322 22
1283 2287 1480 2334 completis
1501 2289 1541 2322 H

280 2341 323 2372 23
351 2337 567 2373 subsistituti
594 2351 627 2371 α.
