<?xml version="1.0" encoding="UTF-8"?>
<!DOCTYPE html PUBLIC "-//W3C//DTD XHTML 1.0 Transitional//EN"
    "http://www.w3.org/TR/xhtml1/DTD/xhtml1-transitional.dtd">
<html xmlns="http://www.w3.org/1999/xhtml" xml:lang="en" lang="en">
 <head>
  <title>
</title>
<meta http-equiv="Content-Type" content="text/html;charset=utf-8" />
  <meta name='ocr-system' content='tesseract 3.04.00' />
  <meta name='ocr-capabilities' content='ocr_page ocr_carea ocr_par ocr_line ocrx_word'/>
</head>
<body>
  <div class='ocr_page' id='page_1' title='image "./flavivegetirenat00vegeuoft/flavivegetirenat00vegeuoft_0112.png"; bbox 0 0 1638 2620; ppageno 0'>
   <div class='ocr_carea' id='block_1_1' title="bbox 121 721 155 745">
    <p class='ocr_par' dir='ltr' id='par_1_1' title="bbox 121 721 155 745">
     <span class='ocr_line' id='line_1_1' title="bbox 121 721 155 745; baseline 0 0"><span class='ocrx_word' id='word_1_1' title='bbox 121 721 155 745; x_wconf 84' lang='lat'>10</span> 
     </span>
    </p>
   </div>
   <div class='ocr_carea' id='block_1_2' title="bbox 122 1310 155 1335">
    <p class='ocr_par' dir='ltr' id='par_1_2' title="bbox 122 1310 155 1335">
     <span class='ocr_line' id='line_1_2' title="bbox 122 1310 155 1335; baseline -0.03 0"><span class='ocrx_word' id='word_1_2' title='bbox 122 1310 155 1335; x_wconf 81' lang='lat'>20</span> 
     </span>
    </p>
   </div>
   <div class='ocr_carea' id='block_1_3' title="bbox 36 1388 159 1438">
    <p class='ocr_par' dir='ltr' id='par_1_3' title="bbox 36 1388 159 1438">
     <span class='ocr_line' id='line_1_3' title="bbox 37 1388 148 1408; baseline -0.018 0"><span class='ocrx_word' id='word_1_3' title='bbox 37 1388 74 1408; x_wconf 88' lang='lat' dir='ltr'>De</span> <span class='ocrx_word' id='word_1_4' title='bbox 91 1393 148 1407; x_wconf 71' lang='lat' dir='ltr'>exe-1</span> 
     </span>
     <span class='ocr_line' id='line_1_4' title="bbox 36 1416 159 1438; baseline -0.016 0"><span class='ocrx_word' id='word_1_5' title='bbox 36 1416 159 1438; x_wconf 85' lang='lat' dir='ltr'>militum.</span> 
     </span>
    </p>
   </div>
   <div class='ocr_carea' id='block_1_4' title="bbox 148 1386 275 1406">
    <p class='ocr_par' dir='ltr' id='par_1_4' title="bbox 148 1386 275 1406">
     <span class='ocr_line' id='line_1_5' title="bbox 148 1386 275 1406; baseline -0.008 0"><span class='ocrx_word' id='word_1_6' title='bbox 148 1386 275 1406; x_wconf 75' lang='lat' dir='ltr'>¹citatione</span> 
     </span>
    </p>
   </div>
   <div class='ocr_carea' id='block_1_5' title="bbox 171 83 1001 126">
    <p class='ocr_par' dir='ltr' id='par_1_5' title="bbox 171 83 1001 126">
     <span class='ocr_line' id='line_1_6' title="bbox 171 83 1001 126; baseline -0.004 -6"><span class='ocrx_word' id='word_1_7' title='bbox 171 84 228 125; x_wconf 81' lang='grc'>56</span> <span class='ocrx_word' id='word_1_8' title='bbox 685 83 763 118; x_wconf 88' lang='lat' dir='ltr'>Lib.</span> <span class='ocrx_word' id='word_1_9' title='bbox 794 84 836 126; x_wconf 90' lang='lat' dir='ltr'>II,</span> <span class='ocrx_word' id='word_1_10' title='bbox 863 87 918 119; x_wconf 81' lang='lat'>22.</span> <span class='ocrx_word' id='word_1_11' title='bbox 946 87 1001 118; x_wconf 84' lang='lat'>23.</span> 
     </span>
    </p>
   </div>
   <div class='ocr_carea' id='block_1_6' title="bbox 172 180 1522 996">
    <p class='ocr_par' dir='ltr' id='par_1_6' title="bbox 172 180 1522 996">
     <span class='ocr_line' id='line_1_7' title="bbox 172 180 1515 221; baseline 0 -2"><span class='ocrx_word' id='word_1_12' title='bbox 172 182 434 221; x_wconf 64' lang='lat' dir='ltr'>lancinatores.</span> <span class='ocrx_word' id='word_1_13' title='bbox 475 181 649 220; x_wconf 69' lang='lat' dir='ltr'>&#39;I&#39;ubicen</span> <span class='ocrx_word' id='word_1_14' title='bbox 678 181 723 219; x_wconf 87' lang='lat' dir='ltr'>ad</span> <span class='ocrx_word' id='word_1_15' title='bbox 745 180 891 219; x_wconf 86' lang='lat' dir='ltr'>bellum</span> <span class='ocrx_word' id='word_1_16' title='bbox 912 186 1027 219; x_wconf 86' lang='lat' dir='ltr'>uocat</span> <span class='ocrx_word' id='word_1_17' title='bbox 1045 181 1189 220; x_wconf 82' lang='lat' dir='ltr'><strong>milites</strong></span> <span class='ocrx_word' id='word_1_18' title='bbox 1210 187 1248 220; x_wconf 88' lang='lat' dir='ltr'>et</span> <span class='ocrx_word' id='word_1_19' title='bbox 1275 193 1433 219; x_wconf 89' lang='lat' dir='ltr'>rursum</span> <span class='ocrx_word' id='word_1_20' title='bbox 1455 193 1515 219; x_wconf 90' lang='lat' dir='ltr'>re-</span> 
     </span>
     <span class='ocr_line' id='line_1_8' title="bbox 172 239 1513 292; baseline -0.002 -12"><span class='ocrx_word' id='word_1_21' title='bbox 172 243 304 292; x_wconf 84' lang='lat' dir='ltr'>ceptui</span> <span class='ocrx_word' id='word_1_22' title='bbox 332 243 446 279; x_wconf 86' lang='lat' dir='ltr'>canit.</span> <span class='ocrx_word' id='word_1_23' title='bbox 498 240 728 279; x_wconf 87' lang='lat' dir='ltr'>Cornicines</span> <span class='ocrx_word' id='word_1_24' title='bbox 758 241 940 290; x_wconf 86' lang='lat' dir='ltr'>quotiens</span> <span class='ocrx_word' id='word_1_25' title='bbox 973 246 1130 291; x_wconf 80' lang='lat' dir='ltr'>canunt,</span> <span class='ocrx_word' id='word_1_26' title='bbox 1162 253 1238 279; x_wconf 91' lang='lat' dir='ltr'>non</span> <span class='ocrx_word' id='word_1_27' title='bbox 1274 239 1414 278; x_wconf 77' lang='lat' dir='ltr'>milites</span> <span class='ocrx_word' id='word_1_28' title='bbox 1448 239 1513 278; x_wconf 88' lang='lat' dir='ltr'>sed</span> 
     </span>
     <span class='ocr_line' id='line_1_9' title="bbox 173 298 1516 351; baseline -0.001 -13"><span class='ocrx_word' id='word_1_29' title='bbox 173 302 281 351; x_wconf 84' lang='lat' dir='ltr'>signa</span> <span class='ocrx_word' id='word_1_30' title='bbox 320 300 365 338; x_wconf 88' lang='lat' dir='ltr'>ad</span> <span class='ocrx_word' id='word_1_31' title='bbox 406 311 540 338; x_wconf 91' lang='lat' dir='ltr'>eorum</span> <span class='ocrx_word' id='word_1_32' title='bbox 580 298 854 349; x_wconf 87' lang='lat' dir='ltr'>obtemperant</span> <span class='ocrx_word' id='word_1_33' title='bbox 898 304 1049 337; x_wconf 88' lang='lat' dir='ltr'>nutum.</span> <span class='ocrx_word' id='word_1_34' title='bbox 1106 298 1208 349; x_wconf 82' lang='lat' dir='ltr'>Ergo</span> <span class='ocrx_word' id='word_1_35' title='bbox 1249 300 1431 349; x_wconf 87' lang='lat' dir='ltr'>quotiens</span> <span class='ocrx_word' id='word_1_36' title='bbox 1470 298 1516 336; x_wconf 88' lang='lat' dir='ltr'>ad</span> 
     </span>
     <span class='ocr_line' id='line_1_10' title="bbox 173 356 1518 409; baseline -0.002 -12"><span class='ocrx_word' id='word_1_37' title='bbox 173 359 328 409; x_wconf 79' lang='lat' dir='ltr'>aliquod</span> <span class='ocrx_word' id='word_1_38' title='bbox 369 370 467 409; x_wconf 87' lang='lat' dir='ltr'>opus</span> <span class='ocrx_word' id='word_1_39' title='bbox 506 358 650 396; x_wconf 87' lang='lat' dir='ltr'>exituri</span> <span class='ocrx_word' id='word_1_40' title='bbox 689 362 781 395; x_wconf 89' lang='lat' dir='ltr'>sunt</span> <span class='ocrx_word' id='word_1_41' title='bbox 819 356 891 395; x_wconf 91' lang='lat' dir='ltr'>soli</span> <span class='ocrx_word' id='word_1_42' title='bbox 930 357 1090 408; x_wconf 82' lang='lat' dir='ltr'>militeS‚</span> <span class='ocrx_word' id='word_1_43' title='bbox 1132 357 1328 396; x_wconf 81' lang='lat' dir='ltr'>tubicines</span> <span class='ocrx_word' id='word_1_44' title='bbox 1361 361 1518 408; x_wconf 84' lang='lat' dir='ltr'>canunt,</span> 
     </span>
     <span class='ocr_line' id='line_1_11' title="bbox 175 416 1519 468; baseline -0.002 -12"><span class='ocrx_word' id='word_1_45' title='bbox 175 419 357 468; x_wconf 86' lang='lat' dir='ltr'>quotiens</span> <span class='ocrx_word' id='word_1_46' title='bbox 390 416 582 455; x_wconf 86' lang='lat' dir='ltr'>mouenda</span> <span class='ocrx_word' id='word_1_47' title='bbox 616 420 709 454; x_wconf 86' lang='lat' dir='ltr'>sunt</span> <span class='ocrx_word' id='word_1_48' title='bbox 739 417 858 467; x_wconf 84' lang='lat' dir='ltr'>signa,</span> <span class='ocrx_word' id='word_1_49' title='bbox 892 417 1113 455; x_wconf 86' lang='lat' dir='ltr'>cornicines</span> <span class='ocrx_word' id='word_1_50' title='bbox 1139 422 1302 468; x_wconf 80' lang='lat' dir='ltr'>canunt3</span> <span class='ocrx_word' id='word_1_51' title='bbox 1336 416 1519 467; x_wconf 85' lang='lat' dir='ltr'>quotiens</span> 
     </span>
     <span class='ocr_line' id='line_1_12' title="bbox 177 474 1517 526; baseline -0.002 -12"><span class='ocrx_word' id='word_1_52' title='bbox 177 482 305 515; x_wconf 87' lang='lat' dir='ltr'>autem</span> <span class='ocrx_word' id='word_1_53' title='bbox 339 480 548 526; x_wconf 81' lang='lat' dir='ltr'>pugnatur,</span> <span class='ocrx_word' id='word_1_54' title='bbox 582 479 621 512; x_wconf 84' lang='lat' dir='ltr'>et</span> <span class='ocrx_word' id='word_1_55' title='bbox 652 474 847 513; x_wconf 73' lang='lat' dir='ltr'>tubicines</span> <span class='ocrx_word' id='word_1_56' title='bbox 875 480 913 513; x_wconf 89' lang='lat' dir='ltr'>et</span> <span class='ocrx_word' id='word_1_57' title='bbox 939 476 1160 513; x_wconf 84' lang='lat' dir='ltr'>cornicines</span> <span class='ocrx_word' id='word_1_58' title='bbox 1187 476 1334 526; x_wconf 87' lang='lat' dir='ltr'>pariter</span> <span class='ocrx_word' id='word_1_59' title='bbox 1362 479 1517 513; x_wconf 85' lang='lat' dir='ltr'>canunt.</span> 
     </span>
     <span class='ocr_line' id='line_1_13' title="bbox 176 532 1519 584; baseline -0.001 -12"><span class='ocrx_word' id='word_1_60' title='bbox 176 535 391 573; x_wconf 86' lang='lat' dir='ltr'>Classicum</span> <span class='ocrx_word' id='word_1_61' title='bbox 425 535 517 572; x_wconf 88' lang='lat' dir='ltr'>item</span> <span class='ocrx_word' id='word_1_62' title='bbox 552 532 767 584; x_wconf 87' lang='lat' dir='ltr'>appellatur</span> <span class='ocrx_word' id='word_1_63' title='bbox 807 533 909 584; x_wconf 87' lang='lat' dir='ltr'>quod</span> <span class='ocrx_word' id='word_1_64' title='bbox 937 533 1188 572; x_wconf 86' lang='lat' dir='ltr'>bucinatores</span> <span class='ocrx_word' id='word_1_65' title='bbox 1216 546 1287 584; x_wconf 89' lang='lat' dir='ltr'>per</span> <span class='ocrx_word' id='word_1_66' title='bbox 1313 546 1436 572; x_wconf 90' lang='lat' dir='ltr'>cornu</span> <span class='ocrx_word' id='word_1_67' title='bbox 1464 533 1519 571; x_wconf 89' lang='lat' dir='ltr'>di-</span> 
     </span>
     <span class='ocr_line' id='line_1_14' title="bbox 174 592 1521 644; baseline -0.001 -13"><span class='ocrx_word' id='word_1_68' title='bbox 174 599 279 631; x_wconf 85' lang='lat' dir='ltr'>cunt.</span> <span class='ocrx_word' id='word_1_69' title='bbox 331 592 414 631; x_wconf 88' lang='lat' dir='ltr'>Hoc</span> <span class='ocrx_word' id='word_1_70' title='bbox 440 594 592 643; x_wconf 83' lang='lat' dir='ltr'>insigne</span> <span class='ocrx_word' id='word_1_71' title='bbox 619 592 778 631; x_wconf 90' lang='lat' dir='ltr'>uidetur</span> <span class='ocrx_word' id='word_1_72' title='bbox 804 593 970 644; x_wconf 79' lang='lat' dir='ltr'>imperii,</span> <span class='ocrx_word' id='word_1_73' title='bbox 1004 594 1093 643; x_wconf 89' lang='lat' dir='ltr'>quia</span> <span class='ocrx_word' id='word_1_74' title='bbox 1127 592 1333 630; x_wconf 87' lang='lat' dir='ltr'>classicum</span> <span class='ocrx_word' id='word_1_75' title='bbox 1366 592 1521 630; x_wconf 84' lang='lat' dir='ltr'>canitur</span> 
     </span>
     <span class='ocr_line' id='line_1_15' title="bbox 173 651 1520 702; baseline -0.001 -13"><span class='ocrx_word' id='word_1_76' title='bbox 173 653 410 702; x_wconf 78' lang='lat' dir='ltr'>imperatore</span> <span class='ocrx_word' id='word_1_77' title='bbox 444 656 650 702; x_wconf 77' lang='lat' dir='ltr'>praesente</span> <span class='ocrx_word' id='word_1_78' title='bbox 683 651 746 690; x_wconf 87' lang='lat' dir='ltr'>uel</span> <span class='ocrx_word' id='word_1_79' title='bbox 779 663 868 690; x_wconf 88' lang='lat' dir='ltr'>cum</span> <span class='ocrx_word' id='word_1_80' title='bbox 894 652 934 689; x_wconf 92' lang='lat' dir='ltr'>in</span> <span class='ocrx_word' id='word_1_81' title='bbox 962 651 1123 689; x_wconf 82' lang='lat' dir='ltr'>militem</span> <span class='ocrx_word' id='word_1_82' title='bbox 1151 651 1367 702; x_wconf 79' lang='lat' dir='ltr'>capitaliter</span> <span class='ocrx_word' id='word_1_83' title='bbox 1399 651 1520 688; x_wconf 87' lang='lat' dir='ltr'>anim—</span> 
     </span>
     <span class='ocr_line' id='line_1_16' title="bbox 175 709 1521 762; baseline -0.002 -13"><span class='ocrx_word' id='word_1_84' title='bbox 175 710 413 762; x_wconf 79' lang='lat' dir='ltr'>aduertitur,</span> <span class='ocrx_word' id='word_1_85' title='bbox 448 712 537 761; x_wconf 89' lang='lat' dir='ltr'>quia</span> <span class='ocrx_word' id='word_1_86' title='bbox 569 710 643 748; x_wconf 90' lang='lat' dir='ltr'>hoc</span> <span class='ocrx_word' id='word_1_87' title='bbox 677 723 723 748; x_wconf 88' lang='lat' dir='ltr'>ex</span> <span class='ocrx_word' id='word_1_88' title='bbox 755 712 1004 761; x_wconf 88' lang='lat' dir='ltr'>imperatoris</span> <span class='ocrx_word' id='word_1_89' title='bbox 1042 709 1194 761; x_wconf 83' lang='lat' dir='ltr'>legibus</span> <span class='ocrx_word' id='word_1_90' title='bbox 1233 710 1319 748; x_wconf 87' lang='lat' dir='ltr'>fieri</span> <span class='ocrx_word' id='word_1_91' title='bbox 1357 721 1521 747; x_wconf 85' lang='lat' dir='ltr'>necesse</span> 
     </span>
     <span class='ocr_line' id='line_1_17' title="bbox 176 766 1519 820; baseline -0.002 -12"><span class='ocrx_word' id='word_1_92' title='bbox 176 776 245 808; x_wconf 89' lang='lat' dir='ltr'>est.</span> <span class='ocrx_word' id='word_1_93' title='bbox 304 769 397 807; x_wconf 88' lang='lat' dir='ltr'>Siue</span> <span class='ocrx_word' id='word_1_94' title='bbox 431 781 524 820; x_wconf 88' lang='lat' dir='ltr'>ergo</span> <span class='ocrx_word' id='word_1_95' title='bbox 558 769 602 807; x_wconf 89' lang='lat' dir='ltr'>ad</span> <span class='ocrx_word' id='word_1_96' title='bbox 637 769 789 819; x_wconf 83' lang='lat' dir='ltr'>uigilias</span> <span class='ocrx_word' id='word_1_97' title='bbox 821 769 885 807; x_wconf 90' lang='lat' dir='ltr'>uel</span> <span class='ocrx_word' id='word_1_98' title='bbox 924 770 1095 819; x_wconf 81' lang='lat' dir='ltr'>agrarias</span> <span class='ocrx_word' id='word_1_99' title='bbox 1127 768 1324 807; x_wconf 84' lang='lat' dir='ltr'>faciendas</span> <span class='ocrx_word' id='word_1_100' title='bbox 1357 769 1440 806; x_wconf 88' lang='lat' dir='ltr'>siue</span> <span class='ocrx_word' id='word_1_101' title='bbox 1473 766 1519 805; x_wconf 88' lang='lat' dir='ltr'>ad</span> 
     </span>
     <span class='ocr_line' id='line_1_18' title="bbox 175 826 1521 879; baseline -0.001 -13"><span class='ocrx_word' id='word_1_102' title='bbox 175 841 275 879; x_wconf 87' lang='lat' dir='ltr'>opus</span> <span class='ocrx_word' id='word_1_103' title='bbox 314 828 470 879; x_wconf 79' lang='lat' dir='ltr'>aliquod</span> <span class='ocrx_word' id='word_1_104' title='bbox 513 828 576 866; x_wconf 92' lang='lat' dir='ltr'>uel</span> <span class='ocrx_word' id='word_1_105' title='bbox 614 828 659 866; x_wconf 90' lang='lat' dir='ltr'>ad</span> <span class='ocrx_word' id='word_1_106' title='bbox 703 828 977 866; x_wconf 77' lang='lat' dir='ltr'>decursionem</span> <span class='ocrx_word' id='word_1_107' title='bbox 1017 829 1142 878; x_wconf 88' lang='lat' dir='ltr'>campi</span> <span class='ocrx_word' id='word_1_108' title='bbox 1181 833 1325 866; x_wconf 84' lang='lat' dir='ltr'>exeunt</span> <span class='ocrx_word' id='word_1_109' title='bbox 1365 826 1521 878; x_wconf 86' lang='lat' dir='ltr'>milites,</span> 
     </span>
     <span class='ocr_line' id='line_1_19' title="bbox 178 885 1520 938; baseline -0.002 -12"><span class='ocrx_word' id='word_1_110' title='bbox 178 887 349 926; x_wconf 85' lang='lat' dir='ltr'>tubicine</span> <span class='ocrx_word' id='word_1_111' title='bbox 383 892 551 926; x_wconf 87' lang='lat' dir='ltr'>uocante</span> <span class='ocrx_word' id='word_1_112' title='bbox 591 893 804 938; x_wconf 79' lang='lat' dir='ltr'>operantur</span> <span class='ocrx_word' id='word_1_113' title='bbox 838 894 875 925; x_wconf 87' lang='lat' dir='ltr'>et</span> <span class='ocrx_word' id='word_1_114' title='bbox 908 899 1046 925; x_wconf 80' lang='lat' dir='ltr'>rulsus</span> <span class='ocrx_word' id='word_1_115' title='bbox 1079 886 1254 925; x_wconf 81' lang='lat' dir='ltr'>tubicine</span> <span class='ocrx_word' id='word_1_116' title='bbox 1287 885 1520 924; x_wconf 84' lang='lat' dir='ltr'>admonente</span> 
     </span>
     <span class='ocr_line' id='line_1_20' title="bbox 177 944 1522 996; baseline -0.002 -11"><span class='ocrx_word' id='word_1_117' title='bbox 177 953 342 985; x_wconf 85' lang='lat' dir='ltr'>cessant.</span> <span class='ocrx_word' id='word_1_118' title='bbox 390 946 486 985; x_wconf 90' lang='lat' dir='ltr'>Cum</span> <span class='ocrx_word' id='word_1_119' title='bbox 514 951 643 984; x_wconf 88' lang='lat' dir='ltr'>autem</span> <span class='ocrx_word' id='word_1_120' title='bbox 671 951 883 984; x_wconf 90' lang='lat' dir='ltr'>mouentu1</span> <span class='ocrx_word' id='word_1_121' title='bbox 911 947 1018 996; x_wconf 82' lang='lat' dir='ltr'>signa</span> <span class='ocrx_word' id='word_1_122' title='bbox 1045 952 1111 984; x_wconf 88' lang='lat' dir='ltr'>aut</span> <span class='ocrx_word' id='word_1_123' title='bbox 1137 947 1211 983; x_wconf 89' lang='lat' dir='ltr'>iam</span> <span class='ocrx_word' id='word_1_124' title='bbox 1240 950 1342 983; x_wconf 84' lang='lat' dir='ltr'>mota</span> <span class='ocrx_word' id='word_1_125' title='bbox 1370 944 1522 995; x_wconf 84' lang='lat' dir='ltr'>figenda</span> 
     </span>
    </p>
   </div>
   <div class='ocr_carea' id='block_1_7' title="bbox 142 1003 1524 1057">
    <p class='ocr_par' dir='ltr' id='par_1_7' title="bbox 142 1003 1524 1057">
     <span class='ocr_line' id='line_1_21' title="bbox 142 1003 1524 1057; baseline -0.003 -13"><span class='ocrx_word' id='word_1_126' title='bbox 142 1017 157 1040; x_wconf 78' lang='lat'>5</span> <span class='ocrx_word' id='word_1_127' title='bbox 178 1011 282 1057; x_wconf 87' lang='lat' dir='ltr'>sunt</span> <span class='ocrx_word' id='word_1_128' title='bbox 315 1006 536 1043; x_wconf 86' lang='lat' dir='ltr'>cornicines</span> <span class='ocrx_word' id='word_1_129' title='bbox 565 1010 721 1043; x_wconf 89' lang='lat' dir='ltr'>canunt</span> <span class='ocrx_word' id='word_1_130' title='bbox 771 1004 881 1050; x_wconf 84' lang='lat' dir='ltr'>Quod</span> <span class='ocrx_word' id='word_1_131' title='bbox 916 1006 1003 1043; x_wconf 92' lang='lat' dir='ltr'>ideo</span> <span class='ocrx_word' id='word_1_132' title='bbox 1036 1006 1075 1042; x_wconf 93' lang='lat' dir='ltr'>in</span> <span class='ocrx_word' id='word_1_133' title='bbox 1109 1003 1291 1042; x_wconf 87' lang='lat' dir='ltr'>omnibus</span> <span class='ocrx_word' id='word_1_134' title='bbox 1325 1004 1524 1041; x_wconf 79' lang='lat' dir='ltr'>exelcitiis</span> 
     </span>
    </p>
   </div>
   <div class='ocr_carea' id='block_1_8' title="bbox 175 1061 1526 1350">
    <p class='ocr_par' dir='ltr' id='par_1_8' title="bbox 175 1061 1526 1350">
     <span class='ocr_line' id='line_1_22' title="bbox 177 1061 1522 1115; baseline -0.003 -12"><span class='ocrx_word' id='word_1_135' title='bbox 177 1071 215 1103; x_wconf 85' lang='lat' dir='ltr'>et</span> <span class='ocrx_word' id='word_1_136' title='bbox 248 1063 569 1115; x_wconf 84' lang='lat' dir='ltr'>processionibus</span> <span class='ocrx_word' id='word_1_137' title='bbox 602 1064 836 1115; x_wconf 78' lang='lat' dir='ltr'>custoditur,</span> <span class='ocrx_word' id='word_1_138' title='bbox 869 1068 909 1102; x_wconf 81' lang='lat' dir='ltr'>ut</span> <span class='ocrx_word' id='word_1_139' title='bbox 940 1065 978 1101; x_wconf 93' lang='lat' dir='ltr'>in</span> <span class='ocrx_word' id='word_1_140' title='bbox 1005 1065 1088 1114; x_wconf 88' lang='lat' dir='ltr'>ipsa</span> <span class='ocrx_word' id='word_1_141' title='bbox 1115 1075 1245 1114; x_wconf 83' lang='lat' dir='ltr'>pugna</span> <span class='ocrx_word' id='word_1_142' title='bbox 1277 1062 1429 1100; x_wconf 85' lang='lat' dir='ltr'>facilius</span> <span class='ocrx_word' id='word_1_143' title='bbox 1456 1061 1522 1099; x_wconf 93' lang='lat' dir='ltr'>ob-</span> 
     </span>
     <span class='ocr_line' id='line_1_23' title="bbox 177 1122 1524 1174; baseline -0.003 -12"><span class='ocrx_word' id='word_1_144' title='bbox 177 1129 401 1174; x_wconf 85' lang='lat' dir='ltr'>temperent</span> <span class='ocrx_word' id='word_1_145' title='bbox 433 1122 589 1174; x_wconf 82' lang='lat' dir='ltr'>milites,</span> <span class='ocrx_word' id='word_1_146' title='bbox 623 1124 705 1161; x_wconf 90' lang='lat' dir='ltr'>siue</span> <span class='ocrx_word' id='word_1_147' title='bbox 740 1134 807 1160; x_wconf 86' lang='lat' dir='ltr'>eos</span> <span class='ocrx_word' id='word_1_148' title='bbox 840 1134 1016 1173; x_wconf 80' lang='lat' dir='ltr'>pugnare</span> <span class='ocrx_word' id='word_1_149' title='bbox 1050 1123 1134 1160; x_wconf 90' lang='lat' dir='ltr'>siue</span> <span class='ocrx_word' id='word_1_150' title='bbox 1169 1127 1271 1160; x_wconf 88' lang='lat' dir='ltr'>stare</span> <span class='ocrx_word' id='word_1_151' title='bbox 1300 1122 1383 1159; x_wconf 89' lang='lat' dir='ltr'>siue</span> <span class='ocrx_word' id='word_1_152' title='bbox 1412 1122 1524 1171; x_wconf 86' lang='lat' dir='ltr'>sequi</span> 
     </span>
     <span class='ocr_line' id='line_1_24' title="bbox 176 1180 1526 1232; baseline -0.002 -12"><span class='ocrx_word' id='word_1_153' title='bbox 176 1182 241 1220; x_wconf 87' lang='lat' dir='ltr'>uel</span> <span class='ocrx_word' id='word_1_154' title='bbox 268 1182 398 1220; x_wconf 88' lang='lat' dir='ltr'>redire</span> <span class='ocrx_word' id='word_1_155' title='bbox 425 1182 701 1232; x_wconf 82' lang='lat' dir='ltr'>praeceperint</span> <span class='ocrx_word' id='word_1_156' title='bbox 729 1181 867 1232; x_wconf 79' lang='lat' dir='ltr'>duces3</span> <span class='ocrx_word' id='word_1_157' title='bbox 894 1180 1088 1231; x_wconf 89' lang='lat' dir='ltr'>siquidem</span> <span class='ocrx_word' id='word_1_158' title='bbox 1116 1181 1215 1218; x_wconf 88' lang='lat' dir='ltr'>ratio</span> <span class='ocrx_word' id='word_1_159' title='bbox 1243 1180 1447 1218; x_wconf 79' lang='lat' dir='ltr'>manifesta</span> <span class='ocrx_word' id='word_1_160' title='bbox 1475 1181 1526 1218; x_wconf 87' lang='lat' dir='ltr'>sit</span> 
     </span>
     <span class='ocr_line' id='line_1_25' title="bbox 177 1237 1524 1291; baseline -0.002 -12"><span class='ocrx_word' id='word_1_161' title='bbox 177 1253 334 1291; x_wconf 89' lang='lat' dir='ltr'>semper</span> <span class='ocrx_word' id='word_1_162' title='bbox 372 1242 411 1278; x_wconf 93' lang='lat' dir='ltr'>in</span> <span class='ocrx_word' id='word_1_163' title='bbox 452 1241 530 1278; x_wconf 88' lang='lat' dir='ltr'>otio</span> <span class='ocrx_word' id='word_1_164' title='bbox 571 1239 714 1278; x_wconf 88' lang='lat' dir='ltr'>debere</span> <span class='ocrx_word' id='word_1_165' title='bbox 760 1240 845 1278; x_wconf 87' lang='lat' dir='ltr'>fieri</span> <span class='ocrx_word' id='word_1_166' title='bbox 885 1240 987 1290; x_wconf 87' lang='lat' dir='ltr'>quod</span> <span class='ocrx_word' id='word_1_167' title='bbox 1034 1240 1256 1278; x_wconf 88' lang='lat' dir='ltr'>necessario</span> <span class='ocrx_word' id='word_1_168' title='bbox 1302 1237 1524 1276; x_wconf 79' lang='lat' dir='ltr'>faciendum</span> 
     </span>
     <span class='ocr_line' id='line_1_26' title="bbox 175 1298 599 1350; baseline -0.002 -12"><span class='ocrx_word' id='word_1_169' title='bbox 175 1300 334 1338; x_wconf 89' lang='lat' dir='ltr'>uidetur</span> <span class='ocrx_word' id='word_1_170' title='bbox 366 1301 404 1337; x_wconf 92' lang='lat' dir='ltr'>in</span> <span class='ocrx_word' id='word_1_171' title='bbox 437 1298 599 1350; x_wconf 89' lang='lat' dir='ltr'>proelio.</span> 
     </span>
    </p>
   </div>
   <div class='ocr_carea' id='block_1_9' title="bbox 177 1391 1526 1564">
    <p class='ocr_par' dir='ltr' id='par_1_9' title="bbox 177 1391 1526 1564">
     <span class='ocr_line' id='line_1_27' title="bbox 352 1391 1523 1443; baseline -0.002 -12"><span class='ocrx_word' id='word_1_172' title='bbox 352 1392 488 1432; x_wconf 90' lang='lat' dir='ltr'>XXIII.</span> <span class='ocrx_word' id='word_1_173' title='bbox 516 1393 699 1443; x_wconf 82' lang='lat' dir='ltr'>Legionis</span> <span class='ocrx_word' id='word_1_174' title='bbox 717 1393 961 1431; x_wconf 85' lang='lat' dir='ltr'>ordinatione</span> <span class='ocrx_word' id='word_1_175' title='bbox 978 1391 1127 1443; x_wconf 86' lang='lat' dir='ltr'>digesta</span> <span class='ocrx_word' id='word_1_176' title='bbox 1142 1392 1187 1430; x_wconf 88' lang='lat' dir='ltr'>ad</span> <span class='ocrx_word' id='word_1_177' title='bbox 1212 1393 1442 1430; x_wconf 80' lang='lat' dir='ltr'>exercitium</span> <span class='ocrx_word' id='word_1_178' title='bbox 1464 1403 1523 1430; x_wconf 87' lang='lat' dir='ltr'>re-</span> 
     </span>
     <span class='ocr_line' id='line_1_28' title="bbox 177 1451 1525 1504; baseline -0.003 -12"><span class='ocrx_word' id='word_1_179' title='bbox 177 1455 391 1504; x_wconf 82' lang='lat' dir='ltr'>uertimur,</span> <span class='ocrx_word' id='word_1_180' title='bbox 430 1452 552 1503; x_wconf 78' lang='lat' dir='ltr'>unde7</span> <span class='ocrx_word' id='word_1_181' title='bbox 593 1453 695 1490; x_wconf 90' lang='lat' dir='ltr'>sicut</span> <span class='ocrx_word' id='word_1_182' title='bbox 733 1453 808 1488; x_wconf 87' lang='lat' dir='ltr'>iam</span> <span class='ocrx_word' id='word_1_183' title='bbox 848 1451 995 1489; x_wconf 77' lang='lat' dir='ltr'>dIctum</span> <span class='ocrx_word' id='word_1_184' title='bbox 1029 1456 1105 1501; x_wconf 84' lang='lat' dir='ltr'>est,</span> <span class='ocrx_word' id='word_1_185' title='bbox 1146 1452 1342 1489; x_wconf 83' lang='lat' dir='ltr'>exercitus</span> <span class='ocrx_word' id='word_1_186' title='bbox 1383 1462 1525 1489; x_wconf 90' lang='lat' dir='ltr'>nomen</span> 
     </span>
     <span class='ocr_line' id='line_1_29' title="bbox 178 1509 1526 1564; baseline -0.003 -13"><span class='ocrx_word' id='word_1_187' title='bbox 178 1513 339 1564; x_wconf 85' lang='lat' dir='ltr'>accepit.</span> <span class='ocrx_word' id='word_1_188' title='bbox 398 1511 576 1549; x_wconf 85' lang='lat' dir='ltr'>Iuniores</span> <span class='ocrx_word' id='word_1_189' title='bbox 617 1510 774 1561; x_wconf 81' lang='lat' dir='ltr'>quidem</span> <span class='ocrx_word' id='word_1_190' title='bbox 813 1515 852 1548; x_wconf 87' lang='lat' dir='ltr'>et</span> <span class='ocrx_word' id='word_1_191' title='bbox 890 1511 983 1548; x_wconf 89' lang='lat' dir='ltr'>noui</span> <span class='ocrx_word' id='word_1_192' title='bbox 1022 1509 1165 1548; x_wconf 85' lang='lat' dir='ltr'>milites</span> <span class='ocrx_word' id='word_1_193' title='bbox 1204 1521 1317 1548; x_wconf 86' lang='lat' dir='ltr'>mane</span> <span class='ocrx_word' id='word_1_194' title='bbox 1354 1522 1397 1548; x_wconf 90' lang='lat' dir='ltr'>ac</span> <span class='ocrx_word' id='word_1_195' title='bbox 1436 1515 1526 1560; x_wconf 86' lang='lat' dir='ltr'>post</span> 
     </span>
    </p>
   </div>
   <div class='ocr_carea' id='block_1_10' title="bbox 201 1610 1458 1648">
    <p class='ocr_par' dir='ltr' id='par_1_10' title="bbox 201 1610 1458 1648">
     <span class='ocr_line' id='line_1_30' title="bbox 201 1610 1458 1648; baseline -0.003 0"><span class='ocrx_word' id='word_1_196' title='bbox 201 1614 244 1648; x_wconf 83' lang='lat' dir='ltr'>V.</span> <span class='ocrx_word' id='word_1_197' title='bbox 271 1614 309 1648; x_wconf 92' lang='lat' dir='ltr'>L.</span> <span class='ocrx_word' id='word_1_198' title='bbox 388 1617 404 1646; x_wconf 91' lang='lat'>1</span> <span class='ocrx_word' id='word_1_199' title='bbox 433 1611 584 1647; x_wconf 75' lang='lat' dir='ltr'>tubicen</span> <span class='ocrx_word' id='word_1_200' title='bbox 610 1611 670 1646; x_wconf 83' lang='grc' dir='ltr'>ὂΡ</span> <span class='ocrx_word' id='word_1_201' title='bbox 694 1611 860 1646; x_wconf 77' lang='lat' dir='ltr'>tubicina</span> <span class='ocrx_word' id='word_1_202' title='bbox 887 1624 902 1646; x_wconf 82' lang='grc' dir='ltr'><em>ε</em></span> <span class='ocrx_word' id='word_1_203' title='bbox 930 1611 1115 1645; x_wconf 74' lang='lat' dir='ltr'>tubicines</span> <span class='ocrx_word' id='word_1_204' title='bbox 1136 1614 1175 1645; x_wconf 88' lang='lat' dir='ltr'><em>H</em></span> <span class='ocrx_word' id='word_1_205' title='bbox 1245 1610 1367 1645; x_wconf 85' lang='lat' dir='ltr'>rursus</span> <span class='ocrx_word' id='word_1_206' title='bbox 1385 1611 1458 1645; x_wconf 87' lang='grc' dir='ltr'>ΠΡ</span> 
     </span>
    </p>
   </div>
   <div class='ocr_carea' id='block_1_11' title="bbox 178 1657 1527 1798">
    <p class='ocr_par' dir='ltr' id='par_1_11' title="bbox 178 1657 1527 1798">
     <span class='ocr_line' id='line_1_31' title="bbox 178 1657 1526 1706; baseline -0.003 -10"><span class='ocrx_word' id='word_1_207' title='bbox 178 1667 197 1696; x_wconf 70' lang='grc'>’2</span> <span class='ocrx_word' id='word_1_208' title='bbox 227 1660 372 1706; x_wconf 74' lang='lat' dir='ltr'>quoties</span> <span class='ocrx_word' id='word_1_209' title='bbox 394 1660 430 1694; x_wconf 92' lang='lat' dir='ltr'><strong><em>P</em></strong></span> <span class='ocrx_word' id='word_1_210' title='bbox 539 1663 558 1693; x_wconf 89' lang='lat'>3</span> <span class='ocrx_word' id='word_1_211' title='bbox 584 1658 692 1693; x_wconf 82' lang='lat' dir='ltr'>nutui</span> <span class='ocrx_word' id='word_1_212' title='bbox 719 1660 794 1702; x_wconf 80' lang='lat' dir='ltr'>(sed</span> <span class='ocrx_word' id='word_1_213' title='bbox 819 1659 831 1692; x_wconf 89' lang='lat' dir='ltr'>i</span> <span class='ocrx_word' id='word_1_214' title='bbox 857 1660 898 1693; x_wconf 77' lang='lat' dir='ltr'>in</span> <span class='ocrx_word' id='word_1_215' title='bbox 924 1659 973 1693; x_wconf 90' lang='lat' dir='ltr'><em>M</em></span> <span class='ocrx_word' id='word_1_216' title='bbox 992 1669 1066 1693; x_wconf 72' lang='lat' dir='ltr'>non</span> <span class='ocrx_word' id='word_1_217' title='bbox 1091 1659 1182 1693; x_wconf 69' lang='lat' dir='ltr'>satis</span> <span class='ocrx_word' id='word_1_218' title='bbox 1207 1660 1421 1703; x_wconf 73' lang='lat' dir='ltr'>yenuinum)</span> <span class='ocrx_word' id='word_1_219' title='bbox 1446 1657 1526 1693; x_wconf 88' lang='lat' dir='ltr'>ML</span> 
     </span>
     <span class='ocr_line' id='line_1_32' title="bbox 273 1705 1526 1751; baseline -0.001 -10"><span class='ocrx_word' id='word_1_220' title='bbox 273 1712 295 1742; x_wconf 86' lang='lat'>4</span> <span class='ocrx_word' id='word_1_221' title='bbox 320 1707 464 1751; x_wconf 74' lang='lat' dir='ltr'>aliquid</span> <span class='ocrx_word' id='word_1_222' title='bbox 491 1708 530 1740; x_wconf 91' lang='lat' dir='ltr'><em>H</em></span> <span class='ocrx_word' id='word_1_223' title='bbox 601 1709 620 1740; x_wconf 86' lang='lat'>5</span> <span class='ocrx_word' id='word_1_224' title='bbox 649 1706 838 1751; x_wconf 79' lang='lat' dir='ltr'>[quotiens</span> <span class='ocrx_word' id='word_1_225' title='bbox 858 1717 954 1740; x_wconf 87' lang='lat' dir='ltr'>mou.</span> <span class='ocrx_word' id='word_1_226' title='bbox 976 1726 1019 1730; x_wconf 91' lang='lat'>—</span> <span class='ocrx_word' id='word_1_227' title='bbox 1042 1705 1249 1740; x_wconf 82' lang='lat' dir='ltr'>cornicines</span> <span class='ocrx_word' id='word_1_228' title='bbox 1270 1705 1422 1749; x_wconf 71' lang='lat' dir='ltr'>canunt]</span> <span class='ocrx_word' id='word_1_229' title='bbox 1449 1705 1526 1741; x_wconf 74' lang='lat' dir='ltr'>‚Ste-</span> 
     </span>
     <span class='ocr_line' id='line_1_33' title="bbox 178 1752 1527 1798; baseline -0.004 -7"><span class='ocrx_word' id='word_1_230' title='bbox 178 1757 280 1791; x_wconf 59' lang='lat' dir='ltr'>necle.</span> <span class='ocrx_word' id='word_1_231' title='bbox 308 1755 493 1790; x_wconf 78' lang='lat' dir='ltr'>Schwebel.</span> <span class='ocrx_word' id='word_1_232' title='bbox 584 1758 600 1787; x_wconf 82' lang='lat'>7</span> <span class='ocrx_word' id='word_1_233' title='bbox 630 1764 657 1787; x_wconf 86' lang='lat' dir='ltr'>c.</span> <span class='ocrx_word' id='word_1_234' title='bbox 687 1753 887 1788; x_wconf 81' lang='lat' dir='ltr'>classicum.</span> <span class='ocrx_word' id='word_1_235' title='bbox 938 1753 1031 1787; x_wconf 86' lang='lat' dir='ltr'>Item</span> <span class='ocrx_word' id='word_1_236' title='bbox 1056 1753 1103 1787; x_wconf 84' lang='lat' dir='ltr'>A&#39;</span> <span class='ocrx_word' id='word_1_237' title='bbox 1165 1752 1421 1798; x_wconf 59' lang='lat' dir='ltr'>bucinatorem</span> <span class='ocrx_word' id='word_1_238' title='bbox 1449 1764 1527 1787; x_wconf 84' lang='lat' dir='ltr'>cor·</span> 
     </span>
    </p>
   </div>
   <div class='ocr_carea' id='block_1_12' title="bbox 178 1800 1527 2033">
    <p class='ocr_par' dir='ltr' id='par_1_12' title="bbox 178 1800 1527 1987">
     <span class='ocr_line' id='line_1_34' title="bbox 178 1800 1527 1846; baseline -0.004 -8"><span class='ocrx_word' id='word_1_239' title='bbox 178 1802 457 1846; x_wconf 72' lang='lat' dir='ltr'>nieinesLanye</span> <span class='ocrx_word' id='word_1_240' title='bbox 476 1802 526 1843; x_wconf 75' lang='lat' dir='ltr'>(h.</span> <span class='ocrx_word' id='word_1_241' title='bbox 541 1812 585 1835; x_wconf 79' lang='lat' dir='ltr'>m.</span> <span class='ocrx_word' id='word_1_242' title='bbox 601 1812 629 1836; x_wconf 83' lang='lat' dir='ltr'>r.</span> <span class='ocrx_word' id='word_1_243' title='bbox 644 1812 689 1836; x_wconf 80' lang='lat' dir='ltr'>m.</span> <span class='ocrx_word' id='word_1_244' title='bbox 705 1800 741 1834; x_wconf 82' lang='lat' dir='ltr'><em>R</em></span> <span class='ocrx_word' id='word_1_245' title='bbox 767 1804 833 1842; x_wconf 83' lang='lat'>57;</span> <span class='ocrx_word' id='word_1_246' title='bbox 854 1801 951 1845; x_wconf 70' lang='lat' dir='ltr'>Hyy</span> <span class='ocrx_word' id='word_1_247' title='bbox 969 1812 1008 1844; x_wconf 77' lang='lat' dir='ltr'>p.</span> <span class='ocrx_word' id='word_1_248' title='bbox 1024 1803 1114 1837; x_wconf 85' lang='grc'><em>172)</em></span> <span class='ocrx_word' id='word_1_249' title='bbox 1164 1811 1318 1834; x_wconf 63' lang='lat' dir='ltr'>cornua</span> <span class='ocrx_word' id='word_1_250' title='bbox 1337 1800 1448 1834; x_wconf 78' lang='lat' dir='ltr'>cornfi</span> <span class='ocrx_word' id='word_1_251' title='bbox 1464 1800 1527 1844; x_wconf 85' lang='grc' dir='ltr'>Αμ</span> 
     </span>
     <span class='ocr_line' id='line_1_35' title="bbox 180 1846 1526 1893; baseline -0.004 -8"><span class='ocrx_word' id='word_1_252' title='bbox 180 1862 289 1886; x_wconf 84' lang='lat' dir='ltr'>corne</span> <span class='ocrx_word' id='word_1_253' title='bbox 318 1849 351 1884; x_wconf 79' lang='lat' dir='ltr'><em>G</em></span> <span class='ocrx_word' id='word_1_254' title='bbox 449 1852 469 1883; x_wconf 87' lang='lat'>9</span> <span class='ocrx_word' id='word_1_255' title='bbox 498 1848 738 1893; x_wconf 74' lang='lat' dir='ltr'>[imperatore</span> <span class='ocrx_word' id='word_1_256' title='bbox 764 1847 897 1893; x_wconf 80' lang='lat' dir='ltr'>plaes]</span> <span class='ocrx_word' id='word_1_257' title='bbox 924 1850 962 1881; x_wconf 88' lang='lat' dir='ltr'><em>H</em></span> <span class='ocrx_word' id='word_1_258' title='bbox 1062 1848 1101 1881; x_wconf 90' lang='lat' dir='ltr'>in</span> <span class='ocrx_word' id='word_1_259' title='bbox 1126 1846 1247 1881; x_wconf 75' lang='lat' dir='ltr'>milite</span> <span class='ocrx_word' id='word_1_260' title='bbox 1275 1848 1314 1881; x_wconf 90' lang='lat' dir='ltr'><em>H</em></span> <span class='ocrx_word' id='word_1_261' title='bbox 1409 1850 1450 1880; x_wconf 88' lang='lat'>11</span> <span class='ocrx_word' id='word_1_262' title='bbox 1479 1847 1526 1881; x_wconf 80' lang='lat' dir='ltr'>ad</span> 
     </span>
     <span class='ocr_line' id='line_1_36' title="bbox 179 1893 1527 1941; baseline -0.004 -9"><span class='ocrx_word' id='word_1_263' title='bbox 179 1897 331 1941; x_wconf 79' lang='lat' dir='ltr'>uigilias</span> <span class='ocrx_word' id='word_1_264' title='bbox 345 1897 406 1931; x_wconf 88' lang='lat' dir='ltr'>uel</span> <span class='ocrx_word' id='word_1_265' title='bbox 427 1907 503 1940; x_wconf 84' lang='lat' dir='ltr'>agr.</span> <span class='ocrx_word' id='word_1_266' title='bbox 521 1908 537 1929; x_wconf 81' lang='lat' dir='ltr'>s</span> <span class='ocrx_word' id='word_1_267' title='bbox 566 1896 613 1928; x_wconf 84' lang='lat' dir='ltr'>ad</span> <span class='ocrx_word' id='word_1_268' title='bbox 632 1894 785 1940; x_wconf 84' lang='lat' dir='ltr'>uigilias</span> <span class='ocrx_word' id='word_1_269' title='bbox 801 1895 847 1929; x_wconf 78' lang='lat' dir='ltr'>ad</span> <span class='ocrx_word' id='word_1_270' title='bbox 868 1894 1084 1939; x_wconf 75' lang='lat' dir='ltr'>agrariasss</span> <span class='ocrx_word' id='word_1_271' title='bbox 1100 1895 1146 1929; x_wconf 84' lang='lat' dir='ltr'>ad</span> <span class='ocrx_word' id='word_1_272' title='bbox 1166 1893 1239 1939; x_wconf 86' lang='lat' dir='ltr'>uig.</span> <span class='ocrx_word' id='word_1_273' title='bbox 1261 1894 1321 1928; x_wconf 87' lang='lat' dir='ltr'>nel</span> <span class='ocrx_word' id='word_1_274' title='bbox 1343 1893 1389 1927; x_wconf 87' lang='lat' dir='ltr'>ad</span> <span class='ocrx_word' id='word_1_275' title='bbox 1409 1905 1483 1938; x_wconf 81' lang='lat' dir='ltr'>agr.</span> <span class='ocrx_word' id='word_1_276' title='bbox 1504 1894 1527 1927; x_wconf 83' lang='grc' dir='ltr'><em>ὃ</em></span> 
     </span>
     <span class='ocr_line' id='line_1_37' title="bbox 180 1940 1388 1987; baseline -0.003 -7"><span class='ocrx_word' id='word_1_277' title='bbox 180 1945 226 1980; x_wconf 83' lang='lat' dir='ltr'>ad</span> <span class='ocrx_word' id='word_1_278' title='bbox 253 1958 287 1979; x_wconf 91' lang='lat' dir='ltr'>u.</span> <span class='ocrx_word' id='word_1_279' title='bbox 314 1945 375 1979; x_wconf 84' lang='lat' dir='ltr'>uel</span> <span class='ocrx_word' id='word_1_280' title='bbox 402 1942 542 1987; x_wconf 72' lang='lat' dir='ltr'>gratias</span> <span class='ocrx_word' id='word_1_281' title='bbox 563 1942 599 1977; x_wconf 90' lang='lat' dir='ltr'><em>P</em></span> <span class='ocrx_word' id='word_1_282' title='bbox 695 1946 736 1976; x_wconf 77' lang='lat'>17</span> <span class='ocrx_word' id='word_1_283' title='bbox 764 1942 906 1987; x_wconf 81' lang='lat' dir='ltr'>pugna]</span> <span class='ocrx_word' id='word_1_284' title='bbox 934 1942 1013 1976; x_wconf 83' lang='lat' dir='ltr'>acie</span> <span class='ocrx_word' id='word_1_285' title='bbox 1041 1943 1080 1975; x_wconf 89' lang='lat' dir='ltr'><em>H</em></span> <span class='ocrx_word' id='word_1_286' title='bbox 1176 1945 1217 1976; x_wconf 87' lang='lat'>18</span> <span class='ocrx_word' id='word_1_287' title='bbox 1246 1940 1323 1986; x_wconf 70' lang='lat' dir='ltr'>[sib]</span> <span class='ocrx_word' id='word_1_288' title='bbox 1351 1941 1388 1976; x_wconf 89' lang='lat' dir='ltr'><em>P</em></span> 
     </span>
    </p>

    <p class='ocr_par' dir='ltr' id='par_1_13' title="bbox 275 1989 1044 2033">
     <span class='ocr_line' id='line_1_38' title="bbox 275 1989 1044 2033; baseline -0.004 -7"><span class='ocrx_word' id='word_1_289' title='bbox 275 1992 357 2026; x_wconf 75' lang='lat' dir='ltr'>CAP.</span> <span class='ocrx_word' id='word_1_290' title='bbox 377 1990 507 2026; x_wconf 88' lang='lat' dir='ltr'>XXIII.</span> <span class='ocrx_word' id='word_1_291' title='bbox 546 1994 588 2024; x_wconf 82' lang='lat'>21</span> <span class='ocrx_word' id='word_1_292' title='bbox 617 1990 847 2023; x_wconf 72' lang='lat' dir='ltr'>reuertamur</span> <span class='ocrx_word' id='word_1_293' title='bbox 873 1990 913 2022; x_wconf 89' lang='lat' dir='ltr'><em>H</em></span> <span class='ocrx_word' id='word_1_294' title='bbox 934 1989 1044 2033; x_wconf 60' lang='lat' dir='ltr'>uulgo</span> 
     </span>
    </p>
   </div>
   <div class='ocr_carea' id='block_1_13' title="bbox 204 2081 1522 2129">
    <p class='ocr_par' dir='ltr' id='par_1_14' title="bbox 204 2081 1522 2129">
     <span class='ocr_line' id='line_1_39' title="bbox 204 2081 1522 2129; baseline -0.005 -7"><span class='ocrx_word' id='word_1_295' title='bbox 204 2088 236 2122; x_wconf 71' lang='lat' dir='ltr'>S.</span> <span class='ocrx_word' id='word_1_296' title='bbox 264 2087 304 2121; x_wconf 89' lang='lat' dir='ltr'>L.</span> <span class='ocrx_word' id='word_1_297' title='bbox 404 2085 486 2120; x_wconf 77' lang='lat' dir='ltr'>CAP.</span> <span class='ocrx_word' id='word_1_298' title='bbox 512 2083 624 2119; x_wconf 88' lang='lat' dir='ltr'>XXII.</span> <span class='ocrx_word' id='word_1_299' title='bbox 677 2087 697 2118; x_wconf 83' lang='lat'>9</span> <span class='ocrx_word' id='word_1_300' title='bbox 723 2083 1050 2129; x_wconf 74' lang='lat' dir='ltr'>animaduertitur]</span> <span class='ocrx_word' id='word_1_301' title='bbox 1085 2083 1210 2117; x_wconf 81' lang='lat' dir='ltr'>anima</span> <span class='ocrx_word' id='word_1_302' title='bbox 1243 2081 1449 2116; x_wconf 67' lang='lat' dir='ltr'>aduertitur</span> <span class='ocrx_word' id='word_1_303' title='bbox 1474 2081 1522 2126; x_wconf 73' lang='lat' dir='ltr'>A1</span> 
     </span>
    </p>
   </div>
   <div class='ocr_carea' id='block_1_14' title="bbox 180 2128 1527 2368">
    <p class='ocr_par' dir='ltr' id='par_1_15' title="bbox 180 2128 1527 2368">
     <span class='ocr_line' id='line_1_40' title="bbox 275 2128 1418 2176; baseline -0.006 -7"><span class='ocrx_word' id='word_1_304' title='bbox 275 2138 318 2168; x_wconf 78' lang='lat'>12</span> <span class='ocrx_word' id='word_1_305' title='bbox 346 2131 613 2176; x_wconf 82' lang='lat' dir='ltr'>decursionem]</span> <span class='ocrx_word' id='word_1_306' title='bbox 642 2130 851 2165; x_wconf 81' lang='lat' dir='ltr'>decussione</span> <span class='ocrx_word' id='word_1_307' title='bbox 877 2131 940 2175; x_wconf 85' lang='grc' dir='ltr'>Αμ</span> <span class='ocrx_word' id='word_1_308' title='bbox 1062 2130 1210 2175; x_wconf 77' lang='lat' dir='ltr'>exeunt]</span> <span class='ocrx_word' id='word_1_309' title='bbox 1238 2128 1354 2164; x_wconf 71' lang='lat' dir='ltr'>essent</span> <span class='ocrx_word' id='word_1_310' title='bbox 1379 2130 1418 2163; x_wconf 88' lang='lat' dir='ltr'><em>H</em></span> 
     </span>
     <span class='ocr_line' id='line_1_41' title="bbox 181 2175 1527 2225; baseline -0.005 -9"><span class='ocrx_word' id='word_1_311' title='bbox 181 2185 224 2216; x_wconf 88' lang='lat'>13</span> <span class='ocrx_word' id='word_1_312' title='bbox 251 2180 489 2225; x_wconf 77' lang='lat' dir='ltr'>admonente]</span> <span class='ocrx_word' id='word_1_313' title='bbox 517 2178 692 2213; x_wconf 75' lang='lat' dir='ltr'>admonte</span> <span class='ocrx_word' id='word_1_314' title='bbox 719 2178 765 2222; x_wconf 79' lang='grc' dir='ltr'>Α1</span> <span class='ocrx_word' id='word_1_315' title='bbox 879 2181 922 2212; x_wconf 89' lang='grc'>14</span> <span class='ocrx_word' id='word_1_316' title='bbox 949 2177 1029 2222; x_wconf 75' lang='lat' dir='ltr'>aut]</span> <span class='ocrx_word' id='word_1_317' title='bbox 1056 2178 1098 2211; x_wconf 78' lang='lat' dir='ltr'>ut:</span> <span class='ocrx_word' id='word_1_318' title='bbox 1123 2177 1159 2211; x_wconf 87' lang='lat' dir='ltr'><strong><em>A</em></strong></span> <span class='ocrx_word' id='word_1_319' title='bbox 1186 2177 1253 2220; x_wconf 86' lang='lat' dir='ltr'>(P)</span> <span class='ocrx_word' id='word_1_320' title='bbox 1361 2175 1527 2221; x_wconf 78' lang='lat' dir='ltr'>figenda]</span> 
     </span>
     <span class='ocr_line' id='line_1_42' title="bbox 180 2225 1433 2269; baseline -0.004 -7"><span class='ocrx_word' id='word_1_321' title='bbox 180 2228 351 2263; x_wconf 74' lang='lat' dir='ltr'>facienda</span> <span class='ocrx_word' id='word_1_322' title='bbox 376 2230 414 2261; x_wconf 88' lang='lat' dir='ltr'><em>H</em></span> <span class='ocrx_word' id='word_1_323' title='bbox 437 2228 497 2269; x_wconf 76' lang='lat' dir='ltr'>(ex</span> <span class='ocrx_word' id='word_1_324' title='bbox 521 2225 664 2268; x_wconf 53' lang='lat' dir='ltr'>fiendas</span> <span class='ocrx_word' id='word_1_325' title='bbox 683 2226 777 2269; x_wconf 75' lang='lat' dir='ltr'>quod</span> <span class='ocrx_word' id='word_1_326' title='bbox 805 2225 894 2261; x_wconf 75' lang='lat' dir='ltr'>Par.</span> <span class='ocrx_word' id='word_1_327' title='bbox 923 2227 1019 2260; x_wconf 81' lang='lat'><em>7230</em></span> <span class='ocrx_word' id='word_1_328' title='bbox 1045 2225 1081 2259; x_wconf 80' lang='lat' dir='ltr'><strong><em>A</em></strong></span> <span class='ocrx_word' id='word_1_329' title='bbox 1100 2225 1263 2268; x_wconf 74' lang='lat' dir='ltr'>praebet,</span> <span class='ocrx_word' id='word_1_330' title='bbox 1290 2226 1433 2265; x_wconf 72' lang='lat' dir='ltr'>natum)</span> 
     </span>
     <span class='ocr_line' id='line_1_43' title="bbox 182 2269 1526 2319; baseline -0.005 -9"><span class='ocrx_word' id='word_1_331' title='bbox 182 2280 224 2310; x_wconf 88' lang='grc'>16</span> <span class='ocrx_word' id='word_1_332' title='bbox 252 2274 525 2319; x_wconf 73' lang='lat' dir='ltr'>obtemperent]</span> <span class='ocrx_word' id='word_1_333' title='bbox 554 2273 787 2316; x_wconf 66' lang='lat' dir='ltr'>obtempereb</span> <span class='ocrx_word' id='word_1_334' title='bbox 813 2272 847 2305; x_wconf 82' lang='grc' dir='ltr'>α’</span> <span class='ocrx_word' id='word_1_335' title='bbox 950 2275 991 2306; x_wconf 87' lang='grc'>19</span> <span class='ocrx_word' id='word_1_336' title='bbox 1019 2272 1098 2306; x_wconf 90' lang='lat' dir='ltr'>ocio</span> <span class='ocrx_word' id='word_1_337' title='bbox 1127 2284 1152 2315; x_wconf 87' lang='grc' dir='ltr'>μ</span> <span class='ocrx_word' id='word_1_338' title='bbox 1248 2269 1448 2305; x_wconf 78' lang='lat' dir='ltr'>necessario</span> <span class='ocrx_word' id='word_1_339' title='bbox 1473 2269 1526 2304; x_wconf 39' lang='lat' dir='ltr'>fa*</span> 
     </span>
     <span class='ocr_line' id='line_1_44' title="bbox 180 2320 678 2368; baseline -0.008 -10"><span class='ocrx_word' id='word_1_340' title='bbox 180 2322 369 2368; x_wconf 83' lang='lat' dir='ltr'>ciendum]</span> <span class='ocrx_word' id='word_1_341' title='bbox 396 2334 429 2356; x_wconf 85' lang='lat' dir='ltr'>n.</span> <span class='ocrx_word' id='word_1_342' title='bbox 457 2320 627 2356; x_wconf 82' lang='lat' dir='ltr'>faciendo</span> <span class='ocrx_word' id='word_1_343' title='bbox 654 2333 678 2354; x_wconf 90' lang='grc' dir='ltr'>α</span> 
     </span>
    </p>
   </div>
  </div>
 </body>
</html>
