1638 2620
195 75 251 116 46
710 75 790 110 Lib.
818 75 863 120 11,
892 79 945 110 12.
975 79 1029 109 13.

195 180 239 213 ut
264 186 344 213 non
371 174 497 213 solum
525 173 673 213 tribuni
698 173 762 212 uel
788 175 1003 224 praepositi
1028 173 1332 213 contubernales
1359 173 1433 213 sibi
1457 187 1540 214 cre-

196 233 297 272 ditos
330 233 403 272 sub
437 233 560 272 oculis
594 234 676 271 suis
708 232 892 271 iuberent
924 232 1065 271 cotidie
1097 233 1289 285 meditari,
1325 233 1393 271 sed
1426 235 1542 273 etiam

195 293 271 344 ipsi
303 304 503 331 armorum
535 297 617 330 arte
650 291 818 342 perfecti
844 296 998 329 ceteros
1024 291 1069 329 ad
1097 293 1355 330 imitationem
1381 294 1541 344 proprio

196 351 500 390 cohortarentur
526 350 714 401 exemplo.
766 349 932 388 Tribuni
964 355 1093 389 autem
1128 350 1361 403 sollicitudo,
1392 351 1543 391 tribuni

159 418 175 443 5
196 410 376 449 laudatur
414 410 628 462 industria,
667 421 757 447 curn
789 408 900 447 miles
932 415 1043 448 ueste
1077 409 1242 462 nitidus,
1285 411 1402 448 armis
1441 409 1542 449 bene

194 470 370 507 munitus
386 480 429 506 ac
446 468 611 519 fulgens,
627 469 804 506 exercitii
822 479 897 506 usu
912 472 949 506 et
964 467 1170 519 disciplina
1185 468 1364 507 eruditus
1383 469 1541 508 incedit.

50 553 88 573 De
106 553 229 573 centuriis
243 554 322 578 mque
414 526 513 565 XIII.
564 527 740 565 Primum
773 528 928 577 signum
961 528 1082 565 totius
1115 527 1279 577 legionis
1312 533 1372 566 est
1403 528 1542 581 aquila,

50 582 297 608 ue⁸i¹¹¹⁸1'‘³‘³³‘¹¹¹¹²·
336 598 453 637 quam
486 586 666 637 aquilifer
694 590 834 637 portat.
893 585 1090 624 Dracones
1118 586 1234 624 etiam
1266 598 1337 637 per
1369 587 1542 638 singulas

193 646 376 684 cohortes
398 644 423 684 ‘a
451 645 692 684 draconariis
719 645 901 683 seruntur
928 645 974 683 ad
1000 644 1205 695 proelium.
1270 644 1346 683 Sed
1379 647 1542 698 antiqui,

140 713 173 737 10
194 705 284 756 quia
329 704 505 743 sciebant
548 705 589 742 in
633 705 715 742 acie
760 704 969 742 commisso
1013 703 1115 742 bello
1159 703 1341 742 celeriter
1382 704 1540 744 ordines

192 765 375 814 aciesque
407 762 561 802 turbari
593 768 709 814 atque
749 762 959 815 confundi,
996 774 1044 801 ne
1078 762 1152 801 hoc
1184 769 1318 813 posset
1350 763 1540 816 accidere,

193 823 376 861 cohortes
408 824 449 861 in
482 823 681 860 centurias
714 821 937 860 diuiserunt
970 827 1009 860 et
1041 821 1205 872 singulis
1239 823 1429 861 centuriis
1462 824 1539 861 sin-

191 881 280 933 gula
307 881 449 920 uexilla
476 882 785 932 constituerunt,
812 882 865 919 ita
891 885 951 932 ut,
979 893 1025 919 ex
1053 892 1128 931 qua
1157 880 1317 919 cohorte
1337 881 1401 919 uel
1423 887 1540 932 quota

194 946 299 979 esset
326 941 522 991 centuria,
550 941 589 978 in
616 939 680 978 illo
702 939 845 978 uexillo
870 939 1012 978 litteris
1034 945 1138 978 esset
1158 939 1411 991 adscriptum,
1433 941 1538 991 quod

140 1007 172 1033 15
192 1001 393 1038 intuentes
426 999 490 1037 uel
519 999 694 1049 legentes
720 998 864 1037 milites
897 1000 937 1036 in
965 1000 1174 1049 quantouis
1201 998 1373 1037 tumultu
1400 1011 1420 1037 a
1447 1011 1537 1038 con-

190 1057 463 1097 tubernalibus
502 1059 584 1096 suis
623 1057 807 1096 aberrare
841 1070 919 1096 non
958 1062 1132 1108 possent.
1190 1058 1450 1096 Centuriones
1482 1059 1538 1096 in-

191 1130 327 1169 super,
362 1119 428 1168 qui
461 1129 566 1155 nunc
599 1118 816 1155 centenarii
848 1122 1060 1168 uocantur,
1097 1115 1280 1165 [nimium
1312 1116 1538 1167 bellicosos]

192 1175 412 1226 [loricatos]
437 1177 677 1214 transuersis
698 1175 895 1214 cassidum
917 1176 1058 1228 cristis,
1079 1181 1123 1214 ut
1149 1175 1299 1214 facilius
1327 1188 1536 1214 nosceren-

212 1303 256 1337 V.
283 1303 322 1337 L.
424 1306 440 1335 1
503 1299 612 1346 positi
639 1303 678 1335 H
778 1305 799 1335 4
825 1302 1063 1336 hortarentur
1088 1314 1114 1335 π
1234 1300 1374 1335 tribuni
1399 1311 1430 1336 a.
1457 1300 1536 1337 soll.

188 1349 327 1384 tribuni
358 1349 470 1383 lauda
491 1361 534 1382 ur
564 1347 745 1382 industria
771 1362 795 1382 α
826 1349 871 1382 tr.
899 1359 920 1382 a
946 1347 1022 1382 soll.
1050 1347 1191 1382 tribuni
1217 1348 1441 1383 laudabatur
1465 1347 1488 1383 1.
1515 1350 1538 1383 δ

187 1399 232 1431 tr.
259 1408 289 1431 a.
316 1396 392 1430 soll.
422 1396 499 1441 [tit]
533 1395 707 1430 laudatur
737 1394 919 1430 industria
945 1396 985 1428 Π
1006 1396 1050 1430 tr.
1079 1406 1110 1428 a.
1139 1394 1216 1430 soll.
1242 1406 1308 1439 per
1333 1396 1428 1430 hanc
1459 1395 1537 1429 Iau-

189 1444 297 1478 datur
322 1442 502 1477 industria
529 1443 585 1477 λΡ
607 1444 680 1486 (sed
706 1453 771 1487 per
797 1443 891 1477 hanc
918 1443 942 1477 ι’.
969 1443 991 1477 l.
1018 1453 1067 1477 er.
1094 1454 1117 1476 (ι
1143 1443 1208 1488 1³2)
1282 1447 1300 1477 6
1328 1441 1422 1476 iussu
1449 1455 1465 1476 ε

188 1490 339 1525 incedat
372 1490 405 1524 V
428 1489 604 1524 incedens
625 1490 663 1523 D

285 1548 367 1584 CAP.
381 1548 476 1583 XIII.
520 1552 561 1582 10
591 1547 710 1594 [quia]
734 1548 798 1582 sed
812 1549 996 1592 posterius
1020 1548 1033 1581 1
1058 1549 1158 1583 uocis
1179 1548 1324 1592 antiqui
1343 1548 1367 1582 i.
1390 1549 1410 1583 l.
1433 1560 1479 1583 er.
1501 1551 1540 1583 Π

190 1597 253 1640 qui
272 1597 385 1631 Schw.
452 1600 494 1649 13
514 1596 590 1640 uel]
611 1596 654 1629 ut
675 1596 724 1629 M
741 1597 778 1630 et
796 1596 839 1629 ut
857 1598 875 1630 λ
940 1599 983 1629 14
1002 1594 1042 1628 10
1061 1595 1138 1640 ipso
1159 1594 1299 1630 uexillo
1320 1597 1359 1629 H
1379 1595 1449 1641 [in]
1471 1595 1537 1630 illo

188 1667 260 1711 (ini
291 1667 338 1709 V)
366 1679 399 1701 u.
428 1652 565 1701 ammo
592 1679 625 1702 u.
647 1666 684 1700 P
779 1671 821 1700 16
848 1665 987 1710 possint
1013 1667 1074 1700 FH
1094 1665 1243 1710 possunt
1269 1666 1329 1700 &P
1411 1670 1453 1700 17
1480 1666 1536 1700 ni-

188 1714 303 1749 mium
336 1713 531 1749 bellicosos
559 1713 633 1758 (—us
653 1713 702 1757 A)
734 1713 915 1748 luricatos
938 1727 961 1747 α
997 1726 1030 1748 0.
1056 1712 1252 1747 bellicosos
1273 1712 1452 1748 loricatos
1472 1713 1536 1748 Ln

187 1798 220 1819 0.
247 1785 443 1820 bellicosos
464 1762 660 1819 luricatos2
677 1785 706 1830 Q
731 1784 894 1818 tumultu
919 1784 1011 1817 belli
1032 1783 1144 1818 conos
1164 1783 1355 1818 litteratos
1372 1783 1534 1819 Oudend.

187 1834 265 1867 alia
291 1833 448 1867 θανέμεν.
484 1832 534 1878 [0.
562 1832 685 1866 bellic.
712 1831 797 1877 lor.]
830 1832 941 1875 u‘zdyo
1041 1835 1083 1866 18
1111 1830 1238 1865 cassidi
1264 1833 1303 1864 H
1397 1830 1532 1876 cristis]

187 1879 306 1914 cristis
326 1879 473 1914 litteras
494 1879 682 1914 habebant
700 1881 742 1913 ut
766 1880 842 1921 (secl
863 1878 980 1913 cristis
997 1890 1019 1912 a
1041 1878 1085 1924 (222
1107 1879 1147 1913 m
1169 1879 1189 1913 Z.
1212 1881 1276 1921 er.)
1294 1881 1312 1912 λ
1337 1889 1384 1912 cr.
1411 1877 1541 1913 literas

186 1927 377 1961 habebant
403 1938 474 1970 quo
495 1927 525 1961 gg
546 1926 582 1960 P
602 1926 722 1960 cristis
743 1926 890 1971 (eriistis
911 1926 963 1970 D)
995 1937 1067 1969 quo
1095 1926 1117 1959 ὃ
1222 1925 1472 1970 noscerentur]
1499 1937 1533 1961 n.

186 1974 370 2009 habentes
394 1975 557 2009 Oudend.

212 2080 245 2114 S.
272 2079 309 2114 L.
372 2079 454 2114 CAP.
483 2079 561 2114 XII.
643 2083 663 2113 2
691 2078 846 2114 cottidie
872 2080 935 2123 Αμ
1032 2082 1053 2112 4
1079 2078 1363 2113 cohorterentur
1388 2079 1436 2124 Al

188 2131 207 2161 6
234 2127 387 2173 incedit]
415 2127 555 2174 incedit
580 2126 615 2160 A
643 2126 776 2161 incidit
803 2127 851 2160 M

284 2174 365 2209 CAP.
398 2174 494 2210 XIII.
594 2178 612 2208 7
645 2173 805 2218 legionis
833 2174 907 2220 est]
940 2172 1170 2218 legionarum
1207 2172 1256 2217 Al
1390 2173 1530 2218 aquila]

187 2221 351 2265 aquilam
378 2221 416 2255 α’
505 2226 525 2256 8
553 2221 784 2265 000111ξ101
810 2222 844 2255 Α
928 2224 970 2255 10
998 2219 1184 2255 commisso
1210 2220 1246 2254 A
1331 2224 1369 2254 11
1398 2220 1530 2264 posset]

186 2268 297 2313 possit
324 2281 339 2302 ε
441 2273 482 2303 13
509 2268 647 2304 uexilla
691 2268 745 2303 —Ia
775 2270 918 2314 syllaba
944 2280 965 2303 α
991 2270 1016 2303 2
1042 2269 1082 2302 'in
1108 2269 1129 2302 l.
1157 2279 1203 2302 er.
1231 2267 1266 2300 A
1373 2271 1415 2301 14
1442 2267 1532 2302 esset

187 2316 298 2361 cent]
327 2316 397 2350 esse
425 2328 454 2350 c.
482 2330 505 2350 α
592 2317 636 2351 ad
659 2315 836 2361 criptum]
864 2314 1085 2360 adscriptam
1112 2315 1163 2348 A‘
1190 2314 1388 2359 ascriptum
1416 2317 1454 2348 Π
