1638 2620
614 118 692 153 Lib.
720 118 780 161 111,
809 121 840 153 5.
869 122 900 152 6.
1379 117 1432 160 75

86 217 196 256 ribus
222 216 450 268 adpendunt
477 216 619 268 trabes,
647 216 790 268 quibus
818 216 1024 267 aliquando
1053 217 1197 255 erectis
1224 216 1431 268 aliquando

82 277 272 328 depositis
304 275 479 314 indicant
512 288 610 326 quae
644 280 849 326 geruntur.

201 334 258 373 Vl.
292 333 367 379 Qui
393 346 476 373 rem
500 334 708 373 militarem
731 335 946 373 studiosius
968 334 1202 385 didicerunt,
1225 334 1288 373 ad·
1327 360 1430 386 Quam
1447 362 1508 382 ms

82 398 220 432 serunt
245 393 357 444 plura
384 394 423 431 in
450 392 659 432 itineribus
687 405 804 444 quam
831 395 869 431 in
892 394 975 444 ipsa
1002 394 1084 432 acie
1111 393 1287 444 pericula
1299 391 1425 441 “322⁸
1428 391 1573 441 ss¹tb
1528 427 1559 441 ε,

81 452 209 490 solere
230 453 472 502 contingere.
505 451 600 490 Nam
621 453 661 490 in
683 452 867 490 conflictu
890 453 1028 490 armati
1043 457 1135 491 sunt
1150 464 1286 491 omnes
1302 450 1420 470 ‘⁰⁰⁸²‘OE
1436 450 1574 473 mrem*-

82 517 119 549 et
140 511 292 549 hostem
314 511 533 549 comminus
552 510 689 549 uident
711 516 749 548 et
769 510 815 548 ad
836 511 1089 561 pugnandum
1112 512 1241 549 animo
1263 513 1430 551 ueniunt

79 571 317 621 praeparati3
350 571 389 607 in
413 571 553 608 itinere
583 570 711 607 minus
739 575 912 608 armatus
935 571 1144 620 minusque
1166 570 1348 610 adtentus
1370 577 1430 610 est

79 628 193 667 miles
226 634 265 667 et
297 635 564 679 superuentus
598 629 746 678 impetu
774 628 838 666 uel
865 628 1001 666 fraude
1030 628 1237 667 subsessae
1264 636 1428 681 repente

81 687 274 726 turbatur.
336 687 427 725 ldeo
469 688 574 725 omni
614 699 708 725 cura
746 687 932 737 omnique
975 686 1174 738 diligentia
1215 688 1428 739 prouidere

78 746 158 785 dux
191 745 319 797 debet,
353 758 400 784 ne
434 747 689 796 proficiscens
723 747 893 797 patiatur
919 747 1124 784 incursum
1152 747 1215 785 uel
1243 747 1353 785 facile
1382 760 1425 786 ac
1448 758 1480 782 10

79 806 163 844 sine
203 804 343 843 damno
377 804 541 856 repellat
574 804 747 844 inlatum.
802 804 979 843 Primum
1017 806 1219 844 itineraria
1251 808 1428 845 omnium

79 865 297 916 regionum,
318 865 357 902 in
379 863 523 915 quibus
544 863 690 902 bellum
711 865 875 915 geritur,
897 863 1123 914 plenissime
1145 864 1262 903 debet
1282 864 1427 903 habere

79 924 316 974 perscripta,
355 924 407 961 ita
442 928 483 961 ut
516 923 691 961 locorum
724 922 931 962 interualla
964 935 1042 961 non
1076 923 1203 961 solum
1240 936 1428 975 passuum

79 994 244 1020 numero
278 981 345 1020 sed
381 983 495 1020 etiam
536 983 691 1020 uiarum
731 981 915 1033 qualitate
953 981 1171 1034 perdiscat,
1211 983 1429 1034 conpendia

79 1040 321 1079 deuerticula
356 1047 508 1080 montes
540 1041 700 1080 flumina
734 1042 780 1080 ad
815 1040 928 1079 fidem
962 1041 1159 1092 descripta
1192 1042 1428 1093 consideret,
1452 1052 1482 1076 1⁵

80 1112 206 1150 usque
239 1112 297 1152 eo,
331 1106 375 1139 ut
401 1100 643 1139 sollertiores
671 1100 792 1139 duces
819 1101 1021 1139 itineraria
1047 1101 1356 1152 prouinciarum,
1390 1103 1428 1139 in

81 1158 223 1211 quibus
248 1161 465 1199 necessitas
492 1159 715 1211 gerebatur,
742 1172 819 1198 non
847 1164 997 1198 tantum
1020 1159 1202 1198 adnotata
1223 1159 1290 1198 sed
1313 1162 1430 1199 etiam

78 1221 181 1270 picta
219 1219 403 1258 habuisse
443 1220 668 1271 firmentur,
715 1224 759 1258 ut
798 1230 876 1257 non
917 1218 1042 1256 solum
1081 1218 1245 1257 consilio
1286 1221 1430 1258 mentis

79 1290 219 1317 uerum
247 1284 406 1329 aspectu
429 1278 633 1317 oculorum
656 1279 759 1317 uiam
782 1278 1034 1329 profecturus
1057 1277 1230 1328 eligeret.
1278 1278 1333 1316 Ad
1355 1278 1427 1316 hoc

79 1349 98 1375 a
125 1337 450 1388 prudentioribus
479 1342 517 1376 et
544 1338 745 1376 honoratis
773 1350 814 1375 ac
843 1336 1018 1375 locorum
1052 1338 1185 1387 gnaris
1219 1335 1429 1388 separatim
1451 1348 1483 1372 -20

79 1395 195 1435 debet
228 1398 413 1435 uniueisa
447 1398 679 1448 pe1qui1ere
714 1401 752 1435 et
784 1397 992 1435 uelitatem
1020 1395 1204 1446 colligere
1232 1396 1279 1434 de
1307 1396 1429 1447 plu1i-

79 1454 165 1507 bus,
198 1461 402 1506 praeterea
430 1455 523 1505 [sub
551 1455 727 1507 periculo
759 1452 999 1506 eligendum]
1031 1456 1186 1493 uiaium
1207 1455 1327 1494 duces
1349 1455 1429 1494 ido-

100 1545 142 1578 V.
168 1526 207 1580 L.
260 1545 340 1580 CAP.
358 1546 417 1580 Vl.
468 1549 486 1579 7
507 1545 531 1580 1.
551 1545 593 1580 it.
614 1546 738 1580 autem
760 1558 806 1580 m
828 1546 938 1590 uulyo
989 1548 1009 1579 8
1030 1545 1431 1590 superuen‘cusimpetu

80 1593 139 1627 uel
159 1592 288 1626 fraude
310 1592 484 1627 subsessae
506 1594 528 1626 ὃ
553 1592 575 1626 s.
597 1592 620 1627 i.
642 1604 675 1628 u.
695 1593 824 1627 fraude
844 1600 903 1634 (ex
922 1592 1058 1634 laudes,
1083 1597 1123 1626 ut
1142 1593 1300 1636 uidetur,
1322 1596 1429 1635 corr.)

80 1639 235 1674 subsessa,
249 1642 285 1673 H
305 1639 546 1684 superuentus
560 1639 724 1682 impetus
739 1639 799 1674 uel
819 1639 969 1674 fraudes
986 1639 1138 1674 subsesse
1154 1640 1188 1673 α’
1208 1639 1431 1684 superuentu

78 1686 240 1731 impetus
263 1687 324 1721 uel
350 1687 479 1721 fraude
502 1686 678 1722 subsessae
695 1688 728 1722 G
754 1687 1035 1731 superueniente
1055 1687 1198 1731 impetu
1218 1687 1280 1721 uel
1299 1687 1429 1722 fraude

80 1734 136 1780 [s]
166 1734 223 1768 21³
316 1738 335 1768 9
364 1735 449 1768 Ideo
477 1735 519 1768 εδ
545 1733 600 1768 De
628 1737 666 1768 H
688 1734 846 1778 ideoque
877 1735 912 1768 P
1001 1738 1043 1768 14
1070 1733 1275 1778 qualitates
1296 1734 1353 1768 &P
1375 1735 1429 1776 (iu

81 1782 110 1826 Q
137 1781 154 1814 s
169 1783 381 1826 paullulum
406 1782 563 1816 dilutum
589 1783 646 1816 ‘thel
672 1793 814 1817 erasum
840 1786 907 1824 est,
942 1782 990 1816 acl
1016 1782 1110 1825 quod
1137 1782 1214 1815 sine
1239 1782 1351 1816 dubio
1377 1793 1429 1816 re-

77 1829 265 1872 ferendum
291 1833 340 1864 est
364 1829 510 1874 siquam
535 1830 738 1873 marqinale
764 1831 800 1872 †)
876 1827 1100 1874 conpendia]
1127 1830 1268 1873 syllaba
1295 1840 1364 1863 con
1389 1830 1430 1863 in

79 1878 153 1910 loco
179 1887 279 1911 eraso
307 1876 355 1910 M
380 1887 447 1920 per
472 1876 680 1920 conpendia
707 1880 726 1910 λ
849 1880 891 1911 15
919 1875 1150 1910 deuerticula
1177 1876 1256 1909 HI*
1278 1875 1429 1910 diuerti-

79 1924 160 1958 cula
176 1923 271 1957 ,sDP
318 1923 492 1967 discripta
509 1924 571 1968 μΡ
620 1927 662 1957 16
682 1924 793 1968 usque
815 1924 908 1958 adeo
930 1925 951 1958 δ
1000 1923 1097 1968 itin]
1114 1923 1152 1956 in
1174 1922 1374 1958 etineraria
1394 1926 1431 1957 H

150 1974 191 2006 17
213 1969 356 2015 geritur
375 1972 485 2016 zculyo
544 1974 585 2004 19
606 1972 752 2016 uerum]
768 1983 801 2005 u.
818 1971 932 2005 etiam
947 1973 985 2005 H
1041 1970 1276 2020 profecturus
1286 1972 1329 2005 εδ
1347 1981 1430 2015 pro-

77 2041 241 2076 fecturos
257 2043 297 2075 H
319 2041 541 2085 profecturis
556 2042 591 2075 P
639 2045 683 2076 20
703 2042 830 2086 gnaris
845 2042 942 2076 GeP
957 2023 1135 2086 gnarisH
1151 2041 1283 2085 ignara
1298 2040 1359 2085 Αμ

78 2092 121 2122 22
149 2088 233 2133 [sub
264 2088 430 2132 periculo
464 2088 694 2134 eligendum]
730 2089 839 2134 [κακέ]
961 2088 1174 2133 eligendum
1202 2089 1262 2122 εΠ
1294 2088 1430 2133 eligen-

103 2171 134 2206 S.
163 2171 200 2205 L.
305 2176 319 2206 1
349 2172 565 2216 appendunt
592 2174 629 2207 H
725 2171 866 2216 trabes]
892 2170 1020 2206 traues
1042 2184 1066 2215 μ

172 2217 253 2255 ΟΑΡ.
282 2219 341 2253 Vl.
393 2223 412 2252 3
440 2218 602 2253 asserunt
629 2220 667 2252 H
732 2221 753 2252 5
780 2217 969 2264 conflictu]
999 2217 1170 2253 conflicto
1198 2218 1231 2251 α’
1284 2222 1304 2252 6
1332 2229 1430 2253 com-

77 2265 214 2310 minus]
249 2266 467 2301 communiis
490 2267 538 2311 H
642 2269 660 2300 7
694 2265 862 2300 attentaus
884 2267 923 2299 H
1020 2269 1060 2299 11
1095 2265 1257 2309 dampno
1286 2265 1321 2300 A

75 2312 223 2347 illatum
249 2315 288 2346 H
384 2317 425 2347 13
453 2312 638 2359 passuum]
665 2313 838 2358 parsuum
865 2312 911 2357 A
1018 2316 1061 2346 14
1087 2313 1309 2357 compendia
1336 2315 1375 2347 H

79 2364 120 2394 16
147 2360 415 2404 prouintiarum
442 2359 504 2405 Αμ
601 2364 643 2394 21
674 2360 800 2406 debet]
828 2359 932 2395 bibet
961 2360 1009 2393 M
