1638 2620
140 105 295 141 XLVIII
713 104 911 142 Praefatio.

141 207 232 245 libri
264 218 349 244 eum
379 207 609 255 fragmentis
640 208 783 255 aliquot
819 205 1073 253 capitulorum
1111 217 1154 244 ex
1190 208 1347 253 utroque
1378 207 1489 253 quasi

139 267 266 313 operis
295 262 580 313 speciminibus'
614 259 819 317 (Valent).
850 285 897 290 -—
931 259 976 316 3)
1009 259 1215 303 ‘Exti-acta
1246 266 1291 303 de
1318 261 1486 313 Veyeeio’

139 325 344 363 Harleian.
380 326 474 363 957.
511 345 560 350 --
597 320 642 376 4)
677 324 901 362 Ooeoniensis
932 319 1021 374 (cat.
1055 324 1198 362 laudat.
1233 318 1389 376 (1697)
1417 324 1447 361 Ι
1463 325 1485 361 2

139 384 214 422 Nr.
251 384 359 421 1881
397 396 415 421 e
445 384 525 422 coll.
564 384 707 432 collegii
737 383 820 421 Iole.
853 377 1088 433 Baptistae).
1123 403 1171 408 —
1204 378 1249 434 5)
1275 383 1365 421 ibid.
1390 383 1446 420 ΙΙ
1464 386 1484 421 1

139 443 214 482 Nr.
248 443 361 480 8547
407 437 519 490 ‘Veffi
557 438 819 480 abbreuiatus'
866 436 932 493 (in
969 442 1050 480 aed.
1081 436 1314 494 Iacobaeis).
1357 463 1404 467 -
1444 436 1488 494 6)

141 496 444 552 (Pseudo-mato
476 502 521 539 de
551 513 593 539 re
621 502 784 540 militari
814 502 843 540 i.
867 512 896 538 e.
923 503 1097 548 excerpta
1128 512 1172 538 ex
1205 501 1366 548 Vegetio,
1393 513 1490 548 quae

139 563 181 598 in
212 561 290 598 eod.
316 560 495 598 Rieeard.
522 556 730 610 (Florent.)
755 561 838 598 710
867 559 958 597 XV.
984 571 1081 597 saec.
1108 560 1224 598 chart.
1251 562 1489 598 continentur

141 614 210 671 (ef.
229 619 281 656 H.
302 619 392 657 Keil
410 619 545 658 Pliilol.
570 620 683 658 1850
707 632 750 667 p.
774 613 889 670 175).
909 638 956 645 -
982 612 1026 670 7)
1047 618 1260 656 Bernensis
1278 630 1374 657 saec.
1397 619 1489 657 XV.

141 679 237 716 550.
251 699 304 703 -
316 673 659 730 8)BasileensisF
664 679 708 722 V,
719 680 756 717 6.
772 679 888 717 chart.
901 678 967 724 fol.
983 678 1037 715 43
1047 690 1079 715 r.
1104 698 1150 702 -
1168 678 1222 715 47
1238 690 1274 715 u.
1291 678 1355 715 sel.
1368 677 1488 716 XVI.

261 736 489 776 Collationes
519 738 726 776 nonnullas
761 738 938 775 uirorum
975 737 1169 774 doctorum
1205 738 1491 784 manuscriptas

140 798 180 833 in
221 797 306 835 bibl.
343 797 527 835 Leidensi
564 797 772 835 adseruari
807 807 866 833 me
910 797 1104 833 certiorem
1141 796 1229 842 fecit
1264 796 1333 834 Du
1369 795 1492 833 Rieu.-

139 855 211 893 liuo
246 857 441 903 pertinent
489 857 603 894 etiam
645 856 719 893 Nr.
753 856 865 893 2769
912 848 1066 906 (Isaaoi
1114 849 1257 906 Vossii)
1304 858 1336 892 et
1375 855 1488 893 7540

139 914 324 953 Eduardi
354 910 574 967 Bernardi)
606 916 648 953 in
680 915 791 953 catal.
824 914 980 952 laudato
1011 907 1164 966 (1697)
1195 914 1253 951 ΙΙ
1275 916 1312 952 1.

257 1021 319 1058 De
345 1022 571 1059 editionibus
597 1022 758 1068 aliisque
784 1021 892 1058 libris
916 1021 1125 1068 impressis,
1151 1022 1216 1067 qui
1241 1021 1292 1058 ad
1305 1019 1490 1058 Nostrum

139 1083 325 1128 spectant,
363 1083 519 1127 praeter
555 1081 711 1119 Fabrie.
753 1080 839 1118 bibl.
878 1080 942 1118 lat.
979 1080 1064 1117 III
1083 1091 1126 1126 p.
1161 1081 1244 1117 174
1269 1091 1322 1126 sq.
1361 1079 1490 1126 confer

138 1139 277 1177 Eberti
301 1138 583 1187 „Allyemeines
597 1139 890 1177 bibl.Lexicon“
912 1133 965 1190 (a.
986 1139 1214 1175 1821-27
1219 1133 1236 1189 )
1250 1139 1307 1176 Π
1311 1150 1353 1186 p.
1377 1139 1486 1176 1013

142 1199 326 1245 -1018,
340 1197 566 1246 Sclizoeiyeri
586 1194 822 1236 ‘Handbueli
841 1198 909 1235 der
936 1197 1164 1235 elassiselien
1182 1191 1488 1244 Biblioyrapbie'

141 1251 198 1309 (a.
227 1253 360 1308 1830)
383 1269 427 1305 p.
462 1258 572 1295 1121
601 1269 655 1304 sq.
688 1260 721 1294 et
754 1257 881 1299 1302,
916 1256 1098 1294 Graessei
1124 1251 1281 1294 ‘Tre'sor
1307 1257 1351 1294 de
1376 1257 1490 1294 liores

137 1327 247 1354 rares
278 1318 312 1354 et
334 1315 518 1364 pre'eieuoe
551 1311 777 1367 (α.1867)’
824 1315 888 1353 VI
918 1317 940 1353 2
967 1328 1010 1362 p.
1043 1317 1128 1354 270
1153 1326 1220 1363 sq„
1269 1310 1488 1366 Preussii¹)

139 1374 418 1413 Bibliotliecam
463 1369 595 1427 (1882
637 1375 743 1423 apud
787 1373 891 1413 Guil.
922 1374 1179 1422 Enyelmann.
1222 1372 1363 1425 Lips)
1430 1374 1492 1411 De

137 1436 381 1472 uersionibus
413 1445 504 1472 uero
545 1434 687 1482 Vngetii
718 1435 818 1481 typis
849 1435 1036 1480 expressis
1063 1435 1376 1481 auctoritateque,
1414 1445 1489 1479 qua

136 1494 228 1531 olim
259 1494 401 1541 floruit,
435 1504 477 1531 ex
509 1504 549 1530 eo
582 1494 689 1536 libro,
722 1504 831 1539 Quem
861 1493 972 1530 DIax.
1006 1493 1135 1530 Jalms
1167 1493 1211 1530 de
1242 1493 1490 1540 scriptoribus

137 1554 195 1590 rei
224 1553 407 1590 militaris
438 1547 676 1604 (Geseliiehte
706 1552 774 1589 der
805 1546 1170 1603 Militc'irlitteratur)
1200 1552 1350 1599 publici
1392 1552 1491 1589 iuris

139 1613 317 1658 facturus
350 1614 413 1654 est,
438 1622 515 1659 pro
543 1612 681 1649 eaeimia
706 1611 820 1648 liuius
844 1612 924 1648 uiri
951 1614 983 1648 et
1008 1611 1224 1648 litterarum
1250 1614 1283 1648 et
1307 1611 1363 1648 rei
1392 1611 1490 1648 mili-

138 1671 235 1708 taris
277 1672 436 1708 seientia
478 1671 771 1708 accuratissima
803 1681 971 1717 quaeque
1008 1681 1077 1707 nos
1107 1670 1332 1717 propediem
1369 1670 1491 1717 coqui-

138 1731 244 1768 turos
275 1741 353 1767 esse
383 1731 641 1777 maximopere
671 1740 884 1776 speramus.

256 1858 404 1902 Restat,
436 1860 479 1896 ut
508 1859 600 1906 quid
631 1860 864 1897 discriminis
894 1860 993 1896 inter
1023 1858 1122 1896 lianc
1153 1861 1187 1896 et
1208 1859 1383 1905 priorem
1413 1857 1488 1895 edi-

138 1919 276 1956 tionem
312 1918 537 1966 intercedat,
580 1920 723 1965 paucis
753 1919 883 1956 uerbis
914 1919 1131 1956 edisseram.
1207 1916 1305 1955 Cum
1355 1916 1491 1955 abhinc

137 1977 297 2014 sedecim
334 1988 457 2014 annos
502 1976 644 2024 Veyetii
681 1978 726 2015 de
762 1989 804 2015 re
841 1977 1003 2014 militari
1049 1977 1190 2014 librum
1227 1978 1404 2024 primum
1441 1976 1492 2013 ad

139 2036 325 2073 librorum
350 2037 613 2074 auctoritatem
644 2048 760 2083 quam
791 2037 1077 2074 accuratissime
1106 2036 1303 2073 redactum
1335 2035 1490 2077 ederem,

140 2095 466 2142 interpolationes,
512 2097 579 2133 etsi
620 2096 736 2133 latius
778 2097 894 2133 istam
933 2095 1056 2133 labem
1094 2105 1256 2132 manare
1287 2094 1380 2131 milii
1410 2095 1491 2131 iam

137 2156 226 2190 tune
251 2157 344 2191 esset
353 2165 602 2201 persuasum,
623 2157 749 2192 tamen
772 2165 926 2202 paucas
950 2153 1180 2192 indicandas
1206 2154 1346 2196 censui,
1373 2163 1489 2200 quon-

236 2256 268 2295 1)
295 2255 390 2298 quod
413 2257 447 2289 Γ
463 2255 505 2289 cle
530 2254 638 2290 initio
665 2254 837 2298 (‘falees’)
854 2265 882 2290 e.
904 2258 947 2289 23
963 2255 1050 2289 libri
1065 2253 1133 2288 IV
1149 2253 1356 2298 proposuit,
1381 2252 1491 2287 nihili

136 2304 207 2344 est,·
243 2301 397 2336 Besselii
434 2305 553 2337 autem
593 2302 832 2346 ‘spicileyium
871 2302 919 2336 ad
955 2301 994 2335 F
998 2303 1018 2336 l.
1059 2301 1196 2346 Veyetii
1227 2301 1338 2336 libros
1364 2300 1487 2334 IIII’

136 2347 210 2390 fere
236 2347 424 2383 Romanae
456 2350 627 2385 editionis
653 2350 698 2392 (a.
729 2351 833 2394 1484)
861 2349 1028 2384 lectiones
1054 2350 1169 2392 affert.
