1638 2620
177 125 259 166 132
697 125 776 162 Lib.
803 126 882 169 1111,
911 131 943 162 0.
971 131 1002 163 7.

175 227 279 264 enim
314 225 423 264 facile
457 230 666 264 transeunt
698 225 845 276 spicula
880 225 985 276 quod
1019 225 1123 265 cedit
1155 238 1198 265 ac
1230 225 1405 265 fluctuat.
1462 226 1522 265 In-

175 291 339 323 uentum
367 296 525 335 quoque
552 284 771 323 remedium
799 289 871 336 est,
898 289 941 323 ut
967 284 1014 323 de
1041 284 1146 336 ligno
1174 291 1302 324 crates
1335 285 1522 337 facerent,

175 355 271 394 quas
299 343 473 381 metallas
500 349 759 395 uocauerunt,
784 343 1058 395 lapidibusque
1085 343 1341 396 complerent,
1367 356 1412 383 ea
1438 350 1520 383 arte

175 404 279 441 inter
305 402 395 440 bina
422 401 717 453 propugnacula
744 403 991 455 constitutas,
1016 408 1072 454 ut,
1100 404 1132 441 si
1152 415 1223 454 per
1245 402 1369 442 scalas
1390 415 1524 442 ascen-

138 469 154 494 5
176 461 298 500 disset
329 460 455 499 hostis
489 466 527 499 et
559 466 710 512 partem
744 461 913 512 aliquam
951 463 1077 512 ipsius
1117 463 1365 514 contigisset,
1406 474 1525 514 supra

174 525 292 571 caput
325 532 441 558 suum
474 526 659 571 uergeret
692 532 794 559 saxa.

33 605 134 630 Quibus
151 605 233 625 modis
248 610 303 630 pm,
437 577 514 617 VII.
540 578 660 618 Multa
687 579 959 618 defensionum
987 579 1404 631 obpugnationumque
1431 586 1523 618 sunt

35 634 481 690 ²¹fig³gssflss¹¹ss¹at⁵iffgmss⁰genera,
524 650 623 689 quae
655 637 752 677 locis
785 637 1089 689 conpetentibus
1120 639 1354 677 inseremus.
1410 637 1524 678 Nunc

34 694 142 714 ‘'hmi-
320 696 525 736 sciendum
547 702 607 736 est
627 696 835 736 obsidendi
856 698 952 736 duas
974 709 1060 736 esse
1088 698 1253 749 species,
1279 709 1409 749 unam,
1435 709 1525 736 cum

123 765 156 790 10
176 756 428 795 aduersarius
462 757 668 807 oportunis
701 756 797 795 locis
824 756 1031 807 praesidiis
1065 756 1253 794 ordinatis
1279 768 1436 793 *****
1462 756 1527 795 uel

175 828 275 867 aqua
295 814 479 866 prohibet
500 815 675 854 inclusos
695 815 760 853 uel
782 815 1022 854 deditionem
1045 821 1177 867 sperat
1197 827 1217 853 a
1238 814 1351 867 fame,
1372 815 1527 866 quando

175 887 311 913 omnes
337 873 587 926 prohibuerit
608 880 860 913 commeatus.
904 874 986 913 Hoc
1007 875 1111 913 enim
1134 873 1298 913 consilio
1324 875 1408 925 ipse
1429 876 1525 913 otio-

176 946 243 973 sus
277 946 319 972 ac
354 938 463 972 tutus
490 933 623 985 fatigat
649 935 863 972 inimicum.
909 933 964 971 Ad
993 945 1092 984 quos
1121 945 1235 972 casus
1261 945 1528 985 possessores,

177 994 359 1044 quamuis
391 992 471 1031 leni
503 994 722 1044 suspitione
756 992 920 1044 pulsati,
954 1004 1109 1031 omnem
1143 992 1364 1031 alimoniam
1396 994 1528 1031 uictus

126 1062 158 1086 15
177 1054 280 1092 intra
318 1064 453 1090 muros
494 1051 639 1091 debent
682 1051 970 1090 studiosissime
1003 1051 1217 1103 collocare,
1260 1056 1304 1089 ut
1334 1052 1431 1103 ipsis
1465 1063 1528 1090 ex-

178 1111 318 1151 uberet
345 1110 575 1162 substantia,
603 1110 852 1149 aduersarios
878 1111 1010 1161 inopia
1037 1115 1150 1162 cogat
1177 1109 1402 1149 abscedere.
1442 1110 1528 1149 Non

178 1170 305 1209 solum
327 1175 458 1208 autem
479 1171 687 1221 porcinum
710 1169 778 1208 sed
800 1175 839 1208 et
865 1182 980 1208 omne
1008 1169 1233 1208 animalium
1260 1181 1397 1221 genus,
1424 1169 1528 1221 quod

177 1229 374 1268 inclusum
407 1230 560 1267 seruari
587 1241 664 1268 non
699 1234 842 1281 potest,
875 1228 1055 1280 deputari
1088 1233 1244 1280 oportet
1276 1228 1323 1266 ad
1348 1228 1529 1281 laridum,

200 1343 243 1377 V.
265 1343 304 1377 L.
374 1347 394 1377 2
417 1342 598 1388 [quoque]
615 1343 670 1385 M,
691 1343 805 1378 addit.
828 1354 850 1378 a
870 1346 895 1378 2
916 1343 957 1377 in
976 1342 1141 1386 maraine
1214 1346 1234 1377 3
1254 1341 1428 1376 metallas
1438 1354 1454 1376 ε
1467 1342 1535 1376 VP

176 1390 360 1425 mactalas
378 1390 417 1424 D
442 1390 616 1424 metellas
637 1392 677 1424 H
705 1391 814 1434 uulyo
841 1390 1015 1425 matellas
1039 1390 1318 1434 Oudendorpz'us
1343 1392 1375 1424 et
1400 1389 1446 1423 R.
1473 1389 1528 1425 M.

249 1441 270 1471 4
296 1436 516 1473 constitutas
539 1438 608 1483 ὃΡ2
638 1437 841 1472 constituas
862 1437 921 1472 sP
945 1436 1146 1472 constituta
1164 1438 1204 1470 H
1273 1437 1352 1481 per]
1380 1435 1487 1481 super
1513 1449 1529 1471 ε

177 1486 215 1530 (p
245 1484 304 1530 (21)
384 1489 404 1519 6
424 1487 597 1529 uergeret
623 1485 758 1530 αῼΠΡ
786 1485 983 1529 uergerent
1005 1484 1052 1529 Ll
1085 1484 1197 1533 uulyo
1215 1485 1361 1518 ucteret
1380 1485 1483 1528 (stol)
1501 1483 1536 1518 V

177 1533 342 1566 uerteret
368 1532 406 1566 I)

274 1579 356 1614 CAP.
384 1579 462 1613 VII.
514 1583 533 1613 9
561 1579 702 1623 species
724 1578 795 1613 esse
823 1578 858 1612 π’
959 1589 1033 1613 una
1058 1579 1094 1612 π’
1197 1582 1240 1612 10
1267 1578 1453 1614 continuis
1476 1578 1530 1614 in-

180 1626 336 1661 sultibus
357 1626 556 1671 impugnat
582 1626 748 1669 obsessos,
775 1626 933 1661 alteram
957 1637 1039 1660 cum
1065 1626 1206 1670 supplet
1232 1626 1402 1661 lacunam
1422 1626 1530 1662 Pari-

177 1675 281 1708 sinus
309 1675 410 1709 7232
436 1674 564 1715 (XIV
580 1677 709 1717 saec.);
743 1675 838 1718 quod
871 1674 1157 1718 supplementum
1182 1673 1337 1716 uulgata
1363 1674 1531 1719 adripuit

251 1724 292 1755 11
322 1720 502 1766 [inclusos
524 1721 583 1755 uel
611 1720 645 1755 d.
673 1741 717 1746 —
745 1722 814 1755 hoc
842 1731 871 1755 e.
900 1732 928 1755 c.
958 1719 1034 1765 ipse
1063 1719 1215 1764 otiosus]
1245 1721 1285 1753 H
1307 1721 1532 1756 inclausos6

251 1768 478 1803 deditionem
506 1768 627 1813 sperat
647 1780 669 1802 a
689 1779 780 1803 corr.
801 1779 844 1802 ex
871 1767 1099 1802 deditionem
1125 1767 1318 1812 sperata&
1343 1768 1531 1803 deditione

179 1817 326 1860 sperata
340 1816 373 1849 α’
402 1814 631 1850 deditionem
658 1815 804 1860 sperata
818 1816 863 1849 λδ
889 1814 1123 1850 dedicatione
1144 1814 1291 1859 sperata
1309 1814 1344 1848 P
1393 1815 1532 1850 141eui

179 1862 378 1907 suspitione
404 1862 539 1907 pulsati
567 1874 712 1897 omnem
728 1864 765 1896 π’
792 1862 888 1897 leuis
904 1862 1141 1907 suspitionem
1160 1861 1367 1906 pulsatione
1385 1864 1419 1896 α’
1440 1862 1536 1897 leuis

181 1910 392 1955 suspitionis
419 1909 666 1955 pulsationem
694 1910 726 1944 G
758 1909 854 1943 leuis
883 1909 1032 1954 suspitio
1066 1909 1112 1944 sit
1142 1908 1363 1954 pulsationis
1384 1911 1402 1943 λ
1440 1909 1536 1945 leuis

180 1980 378 2025 suspitione
413 1983 496 2025 (one
528 1992 551 2014 α
577 1984 602 2016 2
629 1981 669 2015 in
697 1981 717 2015 l.
746 1982 808 2023 er.)
841 1958 1049 2024 pulsatign}
1083 1957 1182 2024 (ᾧῷ
1209 1992 1232 2015 α
1256 1982 1281 2015 2
1305 1981 1328 2014 i.
1357 1981 1378 2015 Z.
1406 1983 1470 2025 er.)
1500 1980 1536 2015 P

277 2032 319 2062 15
347 2028 539 2072 exsuperet
564 2030 603 2062 H
700 2031 741 2062 16
770 2026 1011 2062 substantiam
1037 2030 1076 2062 H
1149 2031 1190 2062 17
1218 2027 1279 2062 sed
1307 2027 1375 2073 [et]
1403 2027 1440 2062 π’

183 2079 224 2110 18
251 2075 386 2121 potest]
415 2074 553 2119 poterit
580 2076 602 2108 ὃ
700 2074 821 2109 laridfi
851 2075 946 2110 εΠΡ
967 2075 1082 2110 laritii
1117 2075 1147 2109 V
1172 2074 1278 2109 lardi}
1304 2074 1343 2108 D

207 2181 239 2214 S.
268 2181 308 2215 L.
390 2180 473 2215 CAP.
489 2181 567 2215 VH.
624 2185 640 2215 ’ἶ
663 2181 983 2226 obpugnationum
1003 2192 1117 2225 supra
1138 2182 1271 2216 lineam
1290 2182 1472 2217 intrusum
1489 2182 1538 2217 M

183 2228 501 2273 oppugnationum
530 2229 569 2262 H
664 2233 683 2263 8
713 2231 870 2273 compet.
900 2231 937 2262 H
1031 2228 1248 2274 inseremus]
1287 2230 1429 2274 syllaba
1455 2229 1537 2263 mus

181 2277 221 2309 in
249 2277 322 2310 Ioco
349 2286 449 2311 eraso
478 2277 525 2310 M
612 2280 653 2310 12
680 2275 930 2322 prohibuerit]
957 2275 1217 2320 prohibuerint
1242 2288 1265 2309 α
1350 2287 1532 2312 commea—

181 2321 241 2356 tos
263 2322 296 2356 α’
397 2322 540 2358 ociosus
562 2337 585 2368 μ
685 2327 726 2357 13
753 2322 906 2368 fatigat]
937 2322 1090 2367 fastigat
1115 2322 1152 2358 A
1252 2326 1294 2357 16
1321 2323 1532 2370 abscedere]

184 2369 368 2404 abscidere
385 2371 432 2416 Α1
490 2374 531 2405 17
561 2369 770 2416 porcinum]
792 2371 980 2415 portinum
995 2370 1043 2415 ΑᾸ
1092 2374 1133 2405 18
1156 2369 1308 2417 seruari]
1323 2370 1467 2406 seruare
1482 2373 1529 2416 A1
