1638 2620
646 130 726 166 Lib.
751 132 780 175 I,
807 135 837 167 8.
866 135 899 166 9.
1392 132 1445 172 13

100 229 344 281 disciplinam
383 228 591 267 militarem
630 229 764 280 populi
802 229 966 268 Romani
1005 229 1193 268 debemus
1232 231 1446 281 inquirere,

102 290 170 340 qui
208 300 255 326 ex
298 289 545 339 paruissimis
587 288 731 326 finibus
774 289 983 339 imperium
1029 301 1144 327 suum
1188 301 1311 339 paene
1354 289 1446 327 solis

102 346 329 398 regionibus
356 351 394 384 et
421 346 559 384 mundi
590 347 714 397 ipsius
748 348 823 385 sinc
851 347 1049 386 distendit.
1100 346 1205 385 Haec
1231 349 1447 386 necessitas

103 405 279 456 conpulit
312 404 482 443 euolutis
515 405 743 443 auctoribus
777 418 819 443 ea
853 418 914 444 me
952 408 992 444 in
1025 406 1098 444 hoc
1131 406 1322 456 opusculo
1355 406 1446 444 fide-

99 465 246 503 lissime
279 464 423 513 dicere,
456 475 554 514 quae
583 463 676 501 Cato
708 463 772 502 ille
800 464 1011 503 Censorius
1039 465 1086 503 de
1119 465 1323 516 disciplina
1350 465 1447 503 mili-

100 525 174 562 tari
207 524 381 574 scripsit,
415 534 512 573 quae
547 521 753 560 Cornelius
787 522 939 575 Celsus,
982 536 1080 573 quae
1114 523 1328 563 Frontinus
1360 536 1447 575 per-

101 582 327 632 stringenda
368 581 582 632 duxerunt,
624 593 722 631 quae
755 580 948 619 Paternus
988 582 1311 632 diligentissimus
1350 584 1448 621 iuris

100 640 280 679 militaris
312 640 491 678 adsertor
522 641 562 678 in
595 639 716 678 libros
749 639 920 690 redegit,
954 652 1052 690 quae
1085 641 1252 692 Augusti
1284 647 1323 680 et
1355 642 1448 680 Tra-

100 701 179 737 iani
212 698 476 749 Hadrianique
509 696 858 737 constitutionibus
898 705 1011 736 cauta
1044 705 1146 737 sunt.
1208 700 1312 738 Nihil
1344 702 1449 738 enim

101 757 197 796 mihi
229 758 473 796 auctoritatis
506 757 668 795 adsumo
702 757 770 795 sed
808 757 968 808 horum,
1008 770 1106 808 quos
1146 771 1264 809 supra
1304 759 1449 810 rettuli,

102 829 201 867 quae
235 816 411 867 dispersa
445 822 548 866 sunt,
582 816 692 854 uelut
720 818 760 854 in
787 816 967 854 ordinem
993 818 1201 866 epitomata
1229 817 1448 856 conscribo.

191 874 252 912 IX.
276 874 414 913 Primis
427 887 519 925 ergo
533 876 830 913 meditationum
848 876 1034 926 auspiciis
1048 877 1195 913 tirones
1206 876 1304 914 mili·
1319 902 1359 922 Aa
1387 903 1451 928 grad

102 940 224 972 tarem
241 933 429 972 edocendi
444 940 536 972 sunt
548 934 723 984 gradum.
744 933 847 972 Nihil
860 935 961 972 enirn
979 935 1100 984 magis
1112 936 1151 972 in
1166 936 1307 973 itinere
1321 933 1525 982 ζῇἷῖῗωθζξξζζε

102 993 164 1031 1161
186 994 225 1030 111
252 993 334 1031 acie
361 993 662 1031 custodiendum
691 998 761 1045 est,
789 1005 903 1043 quam
931 998 976 1031 ut
1002 1005 1137 1031 omnes
1164 993 1307 1032 milites
1322 991 1342 1010 ‘i
1344 997 1427 1011 ‘‘‘‘‘‘

101 1051 310 1090 incedendi
342 1052 520 1090 ordinem
554 1057 726 1090 seruent.
790 1051 900 1096 Quod
934 1052 1047 1090 aliter
1074 1065 1153 1090 non
1184 1058 1314 1102 potest
1352 1053 1449 1104 fieri,
1490 1066 1503 1089 r,

103 1112 178 1148 nisi
199 1110 355 1148 assiduo
371 1112 566 1153 exeicitio
563 1108 771 1155 ambulare
791 1111 973 1149 celeiitel
994 1116 1033 1149 et
1052 1111 1267 1162 aequalitei
1288 1111 1451 1150 discant.

103 1169 329 1207 Periculum
362 1171 465 1207 enim
499 1169 546 1207 ab
579 1169 759 1208 hostibus
792 1182 947 1220 sempe1
976 1171 1255 1220 giauissimum
1282 1172 1452 1208 sustinet

104 1228 256 1266 diuisus
289 1234 327 1266 et
359 1229 606 1267 inoldinatus
638 1231 848 1267 exeicitus.
910 1228 1068 1267 Militaii
1100 1241 1193 1279 eigo
1235 1229 1358 1279 gradu
1390 1239 1452 1268 λλ

104 1287 209 1325 milia
241 1299 429 1336 passuum
456 1287 563 1325 horis
591 1289 766 1339 quinque
794 1287 994 1326 dumtaxat
1021 1289 1182 1326 aestiuis
1209 1288 1450 1326 conficienda

104 1351 207 1384 sunt.
270 1345 389 1384 Pleno
422 1352 554 1384 autem
586 1347 721 1397 gradu,
755 1347 821 1397 qui
854 1348 1010 1385 citatior
1043 1352 1113 1397 est,
1147 1347 1310 1385 totidem
1343 1347 1451 1385 horis

103 1414 241 1443 XXIIII
269 1404 370 1442 milia
404 1405 624 1456 peragenda
653 1412 755 1444 sunt.
806 1405 1000 1456 Quicquid
1028 1405 1236 1457 addideris,
1263 1407 1338 1443 iam
1366 1418 1453 1444 our-

104 1476 171 1501 sus
204 1469 281 1514 est,
314 1465 426 1501 cuius
460 1465 628 1514 spatium
663 1477 740 1502 11011
772 1469 902 1515 potest
935 1464 1100 1502 definiri.
1152 1464 1227 1502 Sed
1263 1471 1300 1503 et
1333 1477 1453 1502 cursu

127 1565 171 1600 V.
198 1565 238 1600 L.
291 1569 311 1599 5
339 1565 416 1610 [de]
446 1565 530 1599 disc.
557 1566 591 1599 A
673 1570 692 1600 6
719 1565 837 1600 6611111
859 1566 927 1611 [q.]
956 1566 1141 1600 frontinus
1165 1565 1195 1610 Q
1221 1577 1249 1600 6.
1279 1578 1312 1610 q.
1340 1567 1453 1600 Fron-

104 1612 206 1646 tinus
228 1623 321 1655 quae
345 1611 516 1656 Hyginus
537 1613 687 1647 coniecit
712 1613 841 1658 Lange
867 1614 1021 1658 (Hyyiwz.
1050 1613 1171 1647 Grom.
1200 1614 1259 1648 lib.
1287 1615 1330 1647 de
1355 1625 1452 1647 onum.

104 1671 133 1694 c.
154 1671 196 1704 Ρ.
221 1662 291 1702 63).
377 1659 682 1704 praestringenda
707 1660 775 1693 aV
857 1664 877 1694 8
904 1660 943 1694 in
968 1660 1064 1694 libro
1092 1661 1114 1693 δ
1207 1665 1226 1694 9
1254 1661 1396 1695 adriani
1425 1662 1454 1694 (J

203 1710 245 1740 10
271 1706 382 1741 retuli
406 1706 504 1750 nQG
603 1711 643 1741 11
673 1707 788 1742 ueluti
815 1708 837 1741 δ
934 1708 1136 1751 epitomate
1163 1710 1200 1741 H

201 1752 283 1788 CAP.
312 1754 371 1788 IX.
424 1757 467 1787 14
493 1753 531 1787 in
558 1754 651 1799 acie]
678 1754 716 1788 in
743 1755 811 1800 ede
839 1755 922 1799 (ede
953 1755 995 1799 Q)
1024 1768 1039 1789 ε
1067 1756 1197 1798 fretam.
1226 1755 1392 1789 Einsied.

108 1805 150 1835 16
175 1800 244 1834 nisi
270 1800 410 1835 assiduo
438 1801 616 1836 exercitio
643 1803 683 1835 H
708 1802 774 1836 nisi
802 1804 844 1836 ut
869 1801 1044 1837 exercitio
1072 1802 1180 1846 a'QP
1209 1801 1275 1835 nisi
1304 1805 1344 1836 ut
1370 1801 1454 1835 assi-

105 1849 177 1882 duo
198 1847 374 1883 exercitio
395 1849 417 1881 δ
443 1847 512 1881 nisi
538 1848 713 1883 exercitio
738 1848 772 1883 G
798 1848 864 1883 nisi
885 1849 964 1893 iugi
985 1861 1038 1884 ex.
1062 1849 1224 1883 Oudeml.
1303 1853 1343 1883 17
1365 1849 1454 1883 sem—

105 1896 187 1940 per]
216 1895 323 1939 saepe
351 1897 373 1929 ὃ
477 1896 529 1930 In
554 1897 781 1940 sequentibus
813 1897 942 1931 litteris
973 1907 1138 1931 numeros
1164 1895 1231 1929 XX
1258 1900 1289 1930 et
1314 1895 1454 1929 XXIIII

106 1944 316 1986 eoeprz'mtmt
337 1947 482 1985 praeter
508 1942 583 1976 AG
609 1954 728 1978 omnes
752 1945 828 1978 cod.
904 1948 948 1978 22
975 1944 1127 1978 definire
1147 1943 1210 1988 VQ
1236 1942 1396 1977 diffinire
1416 1944 1455 1977 D

201 1990 239 2024 et
265 1990 384 2035 cursu]
413 1990 459 2023 ad
487 1990 630 2024 cursum
655 1992 702 2033 fr.
730 1991 836 2026 Eins.

132 2084 166 2118 S.
194 2084 234 2119 L.
284 2088 304 2118 2
330 2084 465 2129 paene]
492 2095 610 2127 poene
637 2097 652 2119 ε
752 2089 773 2118 4
801 2084 981 2129 compulit
1006 2087 1044 2119 H
1138 2084 1312 2129 oposculo
1339 2085 1389 2130 Al
1427 2097 1440 2121 f

108 2136 128 2165 6
155 2131 272 2165 celsus
293 2132 403 2177 quae]
432 2131 581 2174 celsusq.
611 2132 659 2165 M
766 2136 786 2165 8
813 2131 977 2178 redegit]
1004 2132 1143 2176 redigit
1168 2131 1213 2165 A'
1324 2135 1366 2166 10
1392 2131 1455 2165 ad-

107 2178 207 2213 sumo
234 2178 269 2212 A
295 2178 433 2213 assumo
461 2180 501 2212 H

204 2225 287 2261 CAP.
313 2225 373 2259 IX.
428 2230 468 2260 12
497 2226 666 2270 auspitiis
686 2227 721 2260 A
842 2225 1044 2260 militarem
1073 2225 1268 2270 edocendi]
1295 2225 1455 2260 militare

108 2283 167 2306 me
194 2272 350 2307 docendi
376 2274 425 2318 Al
531 2278 572 2308 18
600 2273 758 2318 gradum
786 2274 820 2307 α’
921 2278 963 2308 19
990 2273 1094 2307 milia
1112 2282 1159 2309 Ξ
1178 2272 1346 2318 passuum
1373 2274 1408 2307 A

109 2319 306 2354 dumtaxat
331 2320 497 2365 aestiuis]
536 2320 757 2355 dumtaxata
782 2321 800 2356 ὁ
829 2320 903 2355 iuis
926 2319 1084 2365 (estiuis)
1110 2320 1144 2353 α’
1256 2324 1300 2355 20
1326 2321 1454 2366 pleno]

109 2367 220 2411 plena
246 2367 295 2400 M
386 2367 505 2412 horis]
534 2367 610 2402 oris
632 2368 682 2402 M
777 2372 820 2402 22
848 2368 972 2403 cursus
993 2367 1061 2412 est]
1090 2378 1118 2401 6.
1147 2367 1165 2402 ἐ
1188 2376 1234 2403 Ξ
1254 2369 1289 2401 Α

1470 770 1503 793 10

1454 909 1496 923 um
1525 903 1592 923 mili-

1514 939 1556 952 um
1567 934 1594 952 et

1472 1366 1506 1391 20
