1638 2620
623 106 700 142 Lib.
728 107 754 149 Ι,
783 110 837 141 10.
866 110 919 139 11.
1394 105 1449 145 15

107 205 362 244 erudiuerant
392 209 528 255 artem,
562 217 742 256 campum
769 205 951 244 Martium
984 205 1159 243 uicinum
1186 203 1321 242 Tiberi
1347 203 1448 242 dele-

106 269 266 315 gerunt,
307 264 346 301 in
388 275 464 313 quo
496 264 685 302 iuuentus
717 270 806 315 post
838 264 1068 302 exercitium
1102 274 1302 301 armorum
1334 261 1450 300 sudo-

107 334 191 361 rem
223 322 509 373 pulueremque
542 322 711 361 dilueret
743 335 786 361 ac
818 322 1090 361 lassitudinem
1117 333 1259 360 cursus
1292 320 1450 359 natandi

105 380 237 419 labore
265 380 494 432 deponeret.
543 380 628 419 Non
658 381 784 420 solum
811 387 940 420 autem
967 381 1120 432 pedites
1147 380 1214 419 sed
1236 385 1275 418 et
1295 381 1450 430 equites
1474 371 1493 410 15

104 441 291 490 ipsosque
324 451 448 490 equos
480 439 544 478 uel
576 439 684 491 lixas,
718 452 816 490 quos
848 440 1030 490 galiarios
1057 444 1212 491 uocant,
1245 439 1291 477 ad
1319 444 1449 477 natan·
1470 446 1486 471 5

105 498 198 536 dum
230 510 415 537 exercere
448 498 771 549 percommodum
805 504 875 550 est,
908 511 956 536 ne
991 498 1082 549 quid
1115 499 1328 549 imperitis,
1361 509 1449 536 cum

104 558 320 596 necessitas
351 557 556 608 incumbit,
590 558 756 596 eueniat.

222 615 285 654 XI.
320 616 494 668 Antiqui,
515 618 618 655 sicut
639 617 840 654 inuenitur
866 617 906 653 in
926 615 1048 665 libris,
1070 615 1144 653 hoc
1164 627 1308 666 genere
1323 640 1546 666 Quemadmodum
1559 641 1594 661 aa

105 687 318 713 exercuere
340 676 500 713 tirones.
540 675 658 714 Scuta
679 675 726 713 de
750 676 894 713 uimine
912 675 952 712 in
969 674 1127 712 modum
1143 675 1309 712 cratium
1323 670 1594 725 ξῖξῒζῃῗζῗὶῗζῇζζξ

104 733 389 772 conrotundata
411 733 606 785 texebant,
628 735 679 772 ita
700 739 744 772 ut
762 733 923 784 duplum
938 733 1092 783 pondus
1109 734 1228 771 cratis
1242 732 1306 770 ha-
1322 729 1507 750 exa-cemma
1510 735 1594 750 ””””””

103 792 227 844 beret,
260 804 377 843 quam
410 797 566 831 scutum
593 792 795 843 publicum
821 791 965 830 habere
993 792 1212 830 consueuit.
1263 791 1450 841 Idemque

104 851 234 890 clauas
272 851 420 902 ligneas
459 851 569 901 dupli
607 863 729 902 aeque
763 851 949 902 ponderis
981 862 1052 901 pro
1085 850 1222 901 gladiis
1255 849 1451 888 tironibus

104 909 258 948 dabant.
320 909 457 960 quue
496 910 611 948 modo
651 922 729 948 non
769 915 920 948 tantum
960 921 1072 947 mane
1112 908 1179 947 sed
1214 910 1332 947 etiam
1363 914 1453 959 post

103 969 307 1007 meridiem
341 968 628 1007 exercebantur
661 968 707 1007 ad
739 968 859 1020 palos.
910 967 1093 1006 Palorum
1121 968 1224 1005 enim
1251 979 1347 1005 usus
1374 979 1452 1005 non

104 1027 229 1066 solum
257 1027 448 1066 militibus
477 1028 544 1066 sed
572 1029 687 1066 etiam
720 1026 1002 1078 gladiatoribus
1033 1026 1248 1077 plurimum
1280 1025 1451 1077 prodest.
1474 1036 1506 1060 15

103 1086 184 1125 Nec
230 1099 415 1137 umquam
461 1092 527 1125 aut
577 1087 721 1125 harena
767 1092 833 1125 aut
878 1098 1038 1136 campus
1089 1087 1283 1124 inuictum
1334 1085 1453 1122 armis

103 1147 234 1184 uirum
276 1145 477 1197 probauit,
517 1147 592 1184 nisi
625 1147 692 1196 qui
725 1145 933 1195 diligenter
966 1146 1205 1183 exercitatus
1238 1143 1453 1182 docebatur

104 1205 149 1243 ad
184 1205 327 1256 palum.
377 1205 408 1242 A
436 1204 600 1255 singulis
634 1209 764 1243 autem
797 1203 993 1242 tironibus
1026 1203 1169 1253 singuli
1201 1202 1277 1253 pali
1310 1202 1451 1252 defige-

102 1263 248 1302 bantur
286 1265 325 1301 in
364 1268 528 1315 terram,
568 1265 619 1302 ita
659 1269 703 1302 ut
740 1270 879 1302 nutare
913 1275 990 1301 non
1022 1267 1185 1313 possent
1218 1266 1256 1299 et
1287 1273 1355 1299 sex
1387 1273 1452 1311 pe-

104 1322 219 1360 dibus
259 1324 489 1361 eminerent.
559 1322 702 1361 Contra
747 1322 855 1360 illum
901 1321 1030 1372 palum
1077 1327 1274 1371 tamquam
1315 1325 1450 1358 contra
1473 1330 1506 1354 20

121 1436 164 1470 V.
180 1436 220 1469 L.
274 1440 290 1469 1
309 1434 523 1469 erudierunt
540 1437 561 1469 δ
610 1434 752 1478 tyberis
767 1435 959 1479 elegerunt
980 1434 1068 1477 (wisi
1080 1434 1195 1468 mavis
1209 1434 1318 1478 Zeyere
1333 1432 1454 1476 tyberi

105 1482 327 1527 selegerunt)
356 1484 394 1516 Π
416 1482 559 1527 tyberis
581 1483 800 1527 delegerunt
822 1482 851 1526 Q
949 1485 968 1514 3
997 1480 1163 1515 delueret
1188 1481 1317 1524 fraym.
1345 1480 1450 1514 Eius.

105 1529 174 1564 del.
199 1541 242 1564 ex
273 1530 336 1565 dil.
364 1540 453 1564 corr.
482 1530 514 1563 G
617 1534 638 1563 4
665 1530 733 1575 [et]
763 1528 907 1573 equites
928 1530 971 1562 π’
1071 1531 1090 1561 5
1117 1527 1296 1572 galiarios
1323 1527 1455 1570 scripsi

104 1576 290 1621 galearios
312 1577 449 1612 Isidor.
471 1577 585 1612 Gloss.
614 1578 695 1622 <312
724 1576 874 1610 calones
896 1575 1051 1620 galearii
1074 1574 1238 1609 militum
1259 1578 1326 1608 313
1348 1575 1452 1608 Calo-

103 1624 218 1668 nica>3
246 1623 445 1668 galleffi—ios
465 1625 597 1669 fragm.
625 1624 732 1658 Eius.
759 1623 953 1668 gallim-ios
973 1622 1009 1656 π’
1038 1621 1229 1667 galliarias
1252 1621 1338 1665 (gal.
1355 1621 1451 1664 MP)

104 1672 163 1706 εΡ
193 1672 236 1714 cf.
270 1672 374 1713 iwfm
404 1670 471 1713 ΙΙΙ,
507 1676 536 1705 6.
603 1671 826 1716 ‘Adscrz'psz't
860 1670 1068 1705 Scriuerius
1105 1680 1122 1703 e
1155 1669 1293 1703 Glossis
1329 1668 1454 1702 MStis

103 1718 274 1762 Kalones,
295 1718 439 1753 Galliae
465 1718 628 1752 militum
654 1719 882 1762 ememlatque
907 1716 1064 1762 galearii
1090 1717 1148 1750 uel
1172 1715 1329 1750 Caculae
1357 1715 1452 1748 mili-

103 1766 182 1800 tum
208 1777 272 1800 nec
297 1766 406 1800 vitale:
432 1765 502 1800 Sed
528 1777 593 1800 cm·
617 1776 692 1800 non
717 1765 940 1800 Galiariae?’
973 1764 1252 1807 Oudemlorpius

200 1812 282 1846 CAP.
309 1813 370 1846 XI.
421 1816 440 1845 8
468 1811 643 1856 Antiquis
669 1811 858 1847 inuenitur
884 1833 927 1837 —
955 1810 1116 1846 exerceri
1149 1812 1171 1843 δ
1274 1814 1293 1844 9
1322 1809 1451 1854 Scuta]

103 1859 152 1894 fic
178 1862 314 1901 (uocem
340 1859 441 1894 scuta
466 1864 551 1904 post
581 1859 759 1894 texebant
790 1860 999 1903 inserentes)
1028 1858 1098 1903 QP
1206 1861 1247 1891 10
1275 1856 1395 1891 crates
1416 1858 1456 1890 H

153 1911 194 1940 11
224 1906 463 1941 consueuerat
483 1909 522 1941 H
539 1907 691 1941 Fon-ster
739 1907 904 1951 itemque
927 1907 968 1940 π’
1024 1909 1066 1939 12
1089 1904 1215 1939 clauus
1230 1903 1375 1949 ligneas
1394 1903 1453 1938 aeD

104 1954 279 1990 olau5as
294 1954 413 1988 lineas
428 1954 462 1987 V
478 1953 810 1999 elauusligneusH
827 1954 952 1989 claues
968 1952 1112 1997 ligneas
1125 1952 1160 1985 P
1206 1951 1312 1995 dupli
1333 1961 1452 1994 aeque

104 2001 341 2036 Schwebelius
361 2001 575 2045 duplicique
596 2003 635 2034 H
653 2000 812 2045 duplicis
831 2012 947 2045 aeque
970 2000 1049 2034 2ch
1105 2003 1146 2033 18
1167 1998 1225 2031 Ad
1245 1998 1396 2042 singulis
1416 1999 1456 2031 H

202 2053 243 2083 19
270 2049 308 2083 in
335 2049 490 2094 terram]
517 2049 556 2082 in
582 2050 680 2082 terra
701 2059 791 2083 corr.
821 2059 864 2082 eac
888 2050 926 2082 in
951 2048 1049 2082 terrai
1072 2048 1110 2079 H
1131 2047 1169 2080 in
1192 2047 1292 2079 terra
1312 2046 1334 2078 ὃ

128 2154 163 2188 S.
189 2154 217 2188 L
313 2158 335 2188 4
359 2154 502 2200 labore]
531 2166 605 2189 -em
632 2167 655 2187 α

201 2201 281 2235 CAP.
309 2201 370 2235 XI.
422 2205 441 2235 9
467 2202 519 2235 im
544 2202 697 2236 modum
723 2202 762 2235 H
870 2204 912 2235 10
940 2199 1225 2244 conrotundata]
1255 2200 1451 2233 conrutun-

104 2248 193 2283 data.
219 2247 258 2282 α’
358 2252 399 2281 11
426 2248 614 2293 puplicum
642 2251 678 2282 H
772 2253 813 2282 13
840 2247 1076 2293 postmeridie
1105 2248 1143 2280 H
1227 2250 1269 2280 16
1296 2246 1451 2291 harena]

104 2306 215 2330 arena
240 2295 292 2329 A'
374 2298 417 2329 18
444 2296 692 2340 defigibantur
720 2296 768 2329 M
853 2300 895 2330 19
922 2294 1069 2340 nutare]
1098 2296 1228 2328 notare
1255 2294 1295 2327 α’
1369 2292 1452 2337 pos—

104 2342 198 2388 sent]
227 2342 364 2387 possint
389 2342 448 2377 sP
