1638 2620
652 121 732 157 Lib.
759 120 822 164 III,
851 124 904 156 18.
1366 118 1449 160 103

108 222 258 271 equites
297 225 336 258 et
375 219 528 270 pedites
566 220 606 257 in
644 225 754 270 parte
795 219 931 258 dextra
964 224 1068 257 stare
1101 219 1321 257 consueuit.
1378 217 1450 256 Hic

109 279 210 317 enim
235 279 345 317 locus
372 283 442 330 est,
470 279 510 316 in
538 291 615 329 quo
643 284 723 317 tota
745 279 848 317 acies
869 277 1130 329 gubernatur,
1151 289 1196 315 ex
1219 289 1295 327 quo
1316 282 1451 315 rectus

107 343 168 376 est
197 337 372 388 iiberque
411 349 639 388 procursus.
695 337 786 375 Ideo
826 344 955 376 autem
994 338 1099 375 inter
1137 341 1327 387 utrosque
1361 347 1450 374 con-

109 397 224 447 sistit,
247 401 291 435 ut
317 401 355 434 et
382 396 544 434 consilio
571 408 709 446 regere
737 401 775 434 et
802 397 1035 434 auctoritate
1056 401 1134 434 tam
1156 396 1308 446 equites
1335 407 1451 446 quam

106 455 255 505 pedites
282 455 326 493 ad
355 466 525 505 pugnam
551 456 677 505 possit
702 454 863 493 hortari.
915 454 987 493 Hie
1015 454 1062 493 de
1089 454 1288 505 equitibus
1315 465 1451 504 super·
1471 461 1487 486 5

105 515 338 552 numerariis
371 514 504 552 mixtis
543 513 743 564 peditibus
780 513 973 564 expeditis
1006 513 1324 552 aduersariorum
1359 513 1451 551 sini-

105 577 233 610 strum
266 584 447 623 cornum,
481 573 549 623 qui
581 577 717 610 contra
750 573 880 622 ipsum
907 578 999 622 stat⁷
1032 574 1243 611 circumire
1270 571 1387 610 debet
1414 576 1452 610 et

105 643 125 668 a
164 636 274 681 tergo
314 643 466 682 semper
504 643 687 682 urguere.
757 631 964 669 Secundus
1010 631 1088 670 dux
1126 632 1167 669 in
1204 631 1331 669 media
1370 632 1451 669 acie

104 691 266 740 ponitur
297 691 489 742 peditum,
524 692 590 741 qui
623 702 707 728 eam
735 695 931 728 sustentet
959 695 997 728 et
1023 691 1163 728 firmet.
1221 690 1293 728 Hic
1322 690 1451 728 fortis-

105 749 225 787 simos
264 749 413 799 pedites
454 755 492 787 et
530 749 630 787 hene
670 754 839 787 armatos
879 749 926 787 de
962 748 1038 787 illis
1071 749 1283 800 superfluis
1316 761 1451 787 secum
1473 756 1506 782 10

103 807 247 845 hahere
275 807 407 858 debet,
434 820 480 846 ex
507 808 651 859 quibus
678 813 745 846 aut
770 809 855 858 ipse
883 820 1054 846 cuneum
1084 808 1200 846 faciat
1220 813 1258 846 et
1278 808 1452 846 hostium

103 867 227 904 aciem
254 873 411 917 rumpat
437 872 520 918 aut,
548 868 581 905 si
607 867 825 905 aduersarii
854 879 1025 905 cuneum
1051 867 1235 918 fecerint,
1261 868 1346 917 ipse
1374 867 1450 905 for-

103 925 216 963 ficem
238 925 369 976 faciat,
390 931 434 964 ut
460 938 584 964 cuneo
612 925 668 963 illi
687 927 812 976 possit
832 938 1056 964 occurrere.
1095 925 1137 963 In
1161 927 1320 964 sinistra
1340 931 1451 977 parte

103 985 301 1022 exercitus
321 986 464 1023 tertius
486 997 571 1023 esse
593 984 671 1023 dux
693 984 820 1035 debet,
842 986 936 1023 satis
957 984 1168 1023 bellicosus
1190 989 1228 1023 et
1248 985 1451 1036 prouidus,

103 1044 193 1093 quia
233 1044 391 1082 sinistra
431 1056 522 1094 pars
561 1043 759 1082 difficilior
797 1050 857 1082 est
895 1049 933 1082 et
973 1043 1082 1082 uelut
1122 1056 1257 1082 manca
1296 1045 1336 1082 in
1368 1045 1450 1082 acie
1472 1050 1505 1076 15

103 1103 296 1140 consistit.
351 1102 423 1141 Hic
457 1104 560 1141 circa
593 1115 634 1141 se
668 1103 791 1141 bonos
823 1105 977 1153 equites
1013 1104 1381 1153 supernumerarios
1414 1108 1452 1141 et

103 1160 374 1199 uelocissimos
412 1161 565 1212 pedites
610 1161 755 1200 habere
798 1162 930 1213 debet,
970 1162 1017 1200 de
1063 1161 1206 1212 quibus
1245 1163 1451 1200 sinistrum

103 1231 268 1258 cornum
301 1232 458 1270 semper
490 1221 690 1272 extendat,
729 1233 778 1259 ne
811 1222 1147 1259 circumueniatur
1180 1221 1226 1259 ab
1260 1220 1451 1260 hostibus.

103 1278 257 1317 Clamor
295 1285 444 1331 autem,
482 1292 600 1330 quem
638 1279 830 1318 barritum
869 1286 1030 1331 uocant⁷
1069 1281 1180 1330 prius
1224 1292 1301 1318 non
1335 1279 1452 1318 debet

103 1337 254 1388 adtolli,
282 1350 398 1388 quam
425 1340 528 1376 acies
555 1345 723 1389 utraque
750 1351 791 1377 se
818 1341 1002 1377 iunxerit.
1054 1338 1319 1390 Inperitorum
1347 1340 1451 1377 enim
1472 1346 1506 1371 20

102 1396 167 1434 uel
199 1398 431 1447 ignauorum
465 1402 524 1435 est
556 1398 769 1436 uociferari
801 1398 847 1436 de
880 1398 1011 1449 longe,
1045 1410 1134 1436 cum
1168 1398 1300 1436 hostes
1328 1399 1452 1448 magis

102 1461 343 1506 terreantur,
372 1457 404 1494 si
430 1468 520 1494 cum
547 1456 717 1495 telorum
742 1458 822 1495 ictu
852 1456 1032 1495 clamoris
1059 1457 1201 1494 horror
1227 1458 1452 1496 accesserit.

105 1513 268 1565 Semper
295 1520 425 1553 autem
452 1515 611 1554 studere
638 1515 774 1566 debes,
802 1522 846 1554 ut
871 1517 980 1566 prior
1006 1518 1178 1554 instruas
1205 1517 1340 1567 aciem,
1363 1517 1452 1566 quia

105 1585 149 1611 ex
184 1573 346 1612 arbitrio
380 1580 446 1612 tuo
480 1581 592 1624 potes
625 1574 753 1612 facere
793 1575 897 1625 quod
930 1575 1001 1613 tibi
1034 1574 1129 1613 utile
1162 1574 1330 1625 iudicas,
1363 1587 1452 1613 011111

103 1632 234 1670 nullus
256 1632 429 1684 obsistit;
462 1633 602 1671 deinde
631 1639 669 1671 et
694 1635 774 1672 tuis
800 1646 920 1684 auges
947 1634 1223 1672 confidentiam
1251 1639 1290 1672 et
1313 1633 1451 1672 aduer-
1472 1642 1505 1666 25

103 1692 217 1729 sariis
251 1691 432 1729 fiduciam
466 1693 629 1744 minuis,
663 1694 752 1743 quia
786 1693 969 1731 fortiores
1002 1693 1189 1731 uidentur
1217 1694 1283 1743 qui
1310 1705 1452 1743 prouo-

103 1762 192 1788 care
227 1762 305 1788 non
333 1750 524 1789 dubitant.
575 1751 728 1789 [nimici
755 1758 884 1790 autem
911 1753 1107 1802 incipiunt
1134 1751 1357 1802 formidare,
1385 1753 1453 1802 qui

127 1822 169 1856 V.
186 1823 225 1856 L.
272 1822 354 1857 CAP.
371 1822 501 1858 XVIII.
555 1828 571 1857 1
589 1824 738 1858 dextera
752 1824 840 1868 μδΡ
886 1828 905 1858 2
924 1824 1171 1869 [tota—quo]
1189 1825 1225 1857 Π
1276 1827 1295 1857 3
1313 1823 1398 1869 [est]
1415 1824 1451 1857 π’

174 1869 358 1915 liberque]
383 1873 420 1905 et
446 1871 540 1904 liber
562 1872 582 1904 δ
631 1879 787 1915 utroque
810 1885 833 1904 α
860 1874 1057 1915 utrumque
1079 1873 1097 1904 λ
1151 1876 1170 1904 6
1192 1870 1297 1904 mixti
1318 1871 1452 1914 pediti-

104 1916 174 1951 bus
196 1917 359 1961 expediti
392 1917 475 1951 sunt
500 1920 517 1951 λ
602 1922 619 1952 7
649 1930 800 1952 cornum
828 1920 890 1962 qui
919 1920 954 1953 A
981 1930 1094 1953 cornu
1121 1918 1183 1961 qui
1212 1917 1313 1962 ΘμΠ
1338 1929 1452 1952 0011111

104 1964 203 2007 quod
224 1964 284 1998 δΡ
343 1965 497 2000 circuire
519 1967 556 1999 et
575 1976 597 1998 a
621 1967 646 1999 t.
669 1977 694 2001 s.
716 1978 750 2000 u.
773 1966 884 2000 debet
903 1967 1012 2010 uulgo
1075 1969 1095 1999 8
1116 1976 1246 2009 urgere
1267 1964 1303 1999 πἼ
1326 1976 1452 2009 perur-

104 2022 190 2056 gere
211 2011 248 2046 P
318 2016 337 2046 9
366 2012 540 2046 sustineat
560 2013 620 2046 61³
688 2017 729 2047 11
758 2013 815 2058 ex]
844 2013 888 2047 de
911 2014 1021 2058 uulsyo
1050 2013 1109 2057 [ex
1137 2011 1272 2056 quibus
1294 2013 1376 2057 a]ut
1396 2012 1456 2047 δΡ

175 2058 292 2093 faciat
312 2070 469 2093 cuneum
489 2062 527 2093 H
589 2063 630 2093 12
659 2060 774 2094 aciem
796 2060 954 2094 hostium
976 2073 1003 2093 π
1060 2063 1101 2094 13
1128 2062 1170 2093 ut
1189 2062 1226 2093 H
1246 2061 1283 2093 et
1304 2060 1385 2094 εδΡ

104 2116 232 2140 eumeo
256 2107 301 2140 M
328 2117 456 2141 oumeo
478 2107 515 2140 D
585 2111 626 2141 16
654 2107 731 2152 1110]
758 2107 841 2141 ideo
868 2110 886 2141 λ,
953 2111 994 2141 18
1023 2118 1175 2142 0011111111
1195 2107 1245 2140 Μ
1266 2108 1377 2141 cornu
1404 2107 1450 2141 A'

103 2163 217 2187 cornu
243 2156 289 2187 λπ
387 2158 429 2188 23
458 2154 561 2200 quia]
589 2154 651 2198 qui
680 2154 713 2188 G

128 2218 163 2252 S.
192 2218 230 2253 L.
301 2222 342 2252 12
371 2219 550 2253 01111011Π
614 2222 659 2253 20
687 2218 811 2253 attolli
841 2218 962 2253 GMH
1026 2218 1285 2264 inperitorum]
1313 2219 1452 2263 inperi-

102 2264 239 2299 torium
266 2265 301 2299 A
327 2266 584 2310 imperitorum
612 2268 650 2299 Π
727 2270 769 2300 21
798 2266 914 2301 hostis
935 2278 1025 2301 corr.
1052 2268 1093 2300 iu
1119 2265 1243 2300 hostes
1263 2274 1302 2300 (a
1324 2268 1389 2309 122)
1417 2267 1453 2300 A

200 2316 242 2346 22
271 2323 372 2347 orror
397 2313 444 2358 A¹
525 2318 568 2348 23
597 2313 725 2359 debes]
754 2313 859 2348 debis
881 2313 926 2347 A'
1000 2312 1177 2358 instruas]
1206 2312 1390 2348 insu-nans
1410 2314 1458 2347 M

198 2364 241 2394 25
268 2360 501 2395 aduersarius
522 2361 571 2396 M
