1638 2620
133 746 167 770 10

135 1041 168 1065 15

134 1338 170 1362 20

186 107 268 149 122
734 106 814 141 Lib.
840 105 904 149 III⁷
930 110 986 142 26.

301 205 466 245 Difficile
506 207 680 244 uincitur
719 206 786 256 qui
824 217 920 244 uere
954 211 1086 256 potest
1118 205 1165 244 de
1197 207 1282 245 suis
1315 212 1354 245 et
1384 206 1433 245 de
1467 206 1530 245 ad-

185 267 352 306 uersarii
384 266 508 316 copiis
540 264 726 303 iudicare.

302 324 479 375 Amplius
512 325 622 362 iuuat
654 324 783 362 uirtus
817 334 932 373 quam
966 323 1187 362 multitudo.

304 382 480 433 Amplius
513 382 674 433 prodest
706 382 816 420 locus
850 393 964 433 saepe
999 394 1114 433 quam
1148 385 1288 423 uirtus.

305 442 457 481 Paucos
483 443 592 480 uiros
619 441 742 480 fortes
769 446 908 480 natura
934 447 1127 493 procreat,
1156 442 1256 480 hona
1283 443 1532 481 institutione

186 502 320 553 plures
352 500 485 539 reddit
516 499 721 538 industria.

302 560 512 598 Exercitus
546 558 679 597 labore
712 560 878 611 proficit,
911 561 990 598 otio
1024 561 1283 599 consenescit.

303 618 526 669 Numquam
558 619 603 657 ad
638 624 837 657 certamen
869 618 1071 669 publicum
1097 618 1334 669 produxeris
1359 619 1534 671 militem,

187 680 262 718 nisi
295 690 385 717 cum
418 690 508 716 eum
542 677 692 716 uideris
725 689 885 728 sperare
918 678 1137 716 uictoriam.

307 736 445 776 Subita
478 742 707 775 conterrent
739 736 885 787 hostes,
917 738 1060 775 usitata
1093 736 1293 776 uiliscunt.

306 796 382 841 Qui
415 796 605 847 dispersis
638 796 720 834 suis
748 795 970 834 inconsulte
998 797 1190 848 sequitur,
1223 808 1338 847 quam
1364 797 1448 848 ipse
1476 808 1535 835 ac-

189 862 362 907 ceperat,
395 856 623 894 aduersario
656 854 742 893 uult
775 854 867 893 dare
901 855 1121 893 uictoriam.

308 916 384 960 Qui
411 915 653 953 frumentum
681 915 983 964 necessariaque
1010 926 1086 952 non
1115 920 1335 966 praeparat,
1362 915 1537 953 uincitur

188 976 271 1014 sIue
305 975 423 1013 ferro.

309 1033 385 1079 Qui
417 1032 670 1071 multitudine
704 1038 742 1070 et
774 1033 923 1070 uirtute
955 1031 1173 1082 praecedit,
1208 1032 1396 1083 quadrata
1429 1032 1538 1071 dimi-

189 1099 251 1132 cet
283 1093 425 1144 fronte,
458 1093 525 1142 qui
558 1093 709 1142 primus
743 1096 803 1129 est
834 1091 986 1129 modus„

308 1151 383 1196 Qui
415 1153 592 1202 inparem
626 1162 666 1188 se
699 1149 862 1201 iudicat,
897 1150 1035 1188 dextro
1069 1162 1193 1188 cornu
1227 1162 1298 1188 suo
1332 1151 1537 1189 sinistrum

189 1223 313 1250 cornu
347 1209 464 1261 pellat
494 1210 656 1260 inimici,
691 1210 757 1260 qui
790 1209 990 1247 secundus
1023 1214 1082 1247 est
1114 1209 1267 1248 modus.

308 1269 384 1315 Qui
418 1270 616 1307 sinistram
644 1268 742 1306 alam
770 1268 1025 1306 fortissimam
1051 1267 1198 1306 habere
1226 1281 1267 1306 se
1294 1270 1417 1318 nouit,
1443 1269 1533 1307 dex-

189 1335 289 1368 tram
323 1328 422 1366 alam
454 1327 578 1366 hostis
610 1327 781 1379 inuadat,
815 1328 883 1378 qui
916 1333 975 1366 est
1007 1329 1149 1366 tertius
1176 1327 1327 1366 modus.

309 1388 385 1434 Qui
417 1386 534 1425 habet
568 1387 916 1425 exercitatissimos
949 1386 1106 1438 milites,
1138 1388 1177 1424 in
1212 1392 1382 1438 utroque
1415 1381 1547 1425 cornu>

189 1449 338 1499 pariter
369 1445 563 1497 proelium
598 1445 715 1484 debet
753 1446 948 1496 incipere,
991 1446 1059 1496 qui
1098 1450 1263 1496 quartus
1296 1450 1356 1484 est
1388 1445 1539 1484 modus.

213 1539 256 1572 V.
284 1537 324 1574 L
426 1542 442 1570 1
475 1536 593 1581 [uere]
621 1538 639 1569 λ
736 1533 959 1569 aduersariis
980 1536 1020 1568 H
1114 1539 1133 1569 2
1160 1534 1326 1570 iudicare
1353 1535 1463 1570 HPD
1488 1535 1542 1570 in-

189 1586 313 1620 dicare
339 1587 356 1619 λ
384 1584 577 1618 uindicare
604 1596 627 1616 α
654 1583 842 1617 umdioare
876 1582 909 1616 V
977 1586 998 1616 4
1025 1594 1079 1626 pr.
1108 1582 1189 1626 sepe
1217 1582 1376 1617 locusH
1398 1582 1422 1618 Γ.
1444 1583 1466 1617 1.
1488 1595 1542 1627 pr.

189 1634 300 1677 uulfso
350 1636 370 1666 5
393 1630 625 1666 institutione
645 1629 695 1674 pl
717 1629 842 1664 reddit
861 1629 1040 1664 industiia
1061 1640 1090 1664 e.
1108 1642 1124 1664 ε
1146 1629 1328 1665 institutio
1348 1630 1398 1674 pl.
1419 1630 1544 1665 reddit

190 1679 430 1714 industriose.
446 1681 484 1713 H
501 1677 686 1713 institutio
701 1677 749 1722 pl.
765 1676 890 1712 reddit
910 1676 1020 1722 [inct]
1043 1688 1072 1711 e.
1089 1677 1111 1710 ὃ
1131 1675 1315 1712 institutio
1335 1677 1385 1721 pl.
1407 1677 1541 1712 reddit.

191 1726 375 1762 Industiia
401 1737 430 1761 e.
461 1726 497 1759 P
574 1729 594 1760 9
620 1723 689 1759 nisi
715 1735 798 1759 cum
824 1735 908 1758 eum
934 1724 1067 1758 sHVP
1093 1723 1163 1758 nisi
1189 1735 1273 1758 cum
1299 1725 1338 1758 D
1363 1723 1434 1758 nisi
1458 1735 1543 1759 eum

191 1775 376 1809 Schwebel
441 1772 602 1818 sperare]
629 1772 796 1816 spectaie
817 1774 855 1805 Π
917 1775 959 1805 10
986 1771 1170 1806 uilescunt
1188 1774 1236 1805 πλ
1300 1776 1341 1806 11
1369 1771 1548 1816 dispersos

191 1821 273 1856 suos
293 1822 362 1859 λΡ
465 1824 506 1855 12
534 1818 757 1855 aduersariis
776 1820 853 1855 (sed
878 1818 911 1852 is
932 1831 954 1853 2.
984 1820 1005 1853 I
1033 1830 1081 1853 er.
1087 1822 1099 1857 )
1124 1821 1165 1852 Π
1247 1823 1289 1852 13
1315 1819 1542 1854 frumentum

190 1869 468 1913 necessariaque
496 1870 620 1912 (quae
648 1868 698 1911 α)
727 1868 793 1900 αΠ
820 1866 1009 1901 frumenta
1034 1865 1238 1901 necessaria
1263 1868 1282 1900 λ
1314 1866 1542 1901 frumentum

191 1916 506 1959 necessariumque
533 1916 782 1950 commeatum
809 1914 869 1948 δΡ
942 1917 984 1947 14
1009 1913 1122 1959 ferro]
1149 1913 1246 1948 ferro
1273 1914 1310 1948 et
1335 1912 1389 1947 est
1407 1913 1548 1957 primus

191 1964 346 2009 (primos
370 1964 431 2009 (31)
457 1962 590 1997 modus
610 1966 628 1997 λ
753 1965 794 1995 16
821 1960 981 2006 primus]
1015 1960 1195 1996 secundus
1216 1961 1283 1997 λΡ.
1384 1964 1426 1995 17
1457 1960 1544 2006 [Qui

190 2013 360 2057 inparem
387 2031 429 2036 -
458 2009 638 2045 secundus
659 2009 713 2044 est
738 2008 887 2062 modus]
916 2008 1139 2053 212219
1166 2007 1265 2041 alam
1293 2007 1543 2053 [fortissimam

191 2060 226 2095 h
261 2059 283 2093 s.
315 2058 422 2093 nouit
453 2058 485 2093 d.
520 2057 636 2102 alam]
668 2055 787 2091 hostis
813 2056 887 2090 inu.
913 2056 959 2101 Pl
1107 2055 1254 2090 nouerit
1291 2055 1401 2100 uulgo

190 2111 235 2142 22
263 2105 439 2152 par[iter]
466 2106 488 2139 ὃ
585 2104 637 2139 est
662 2104 782 2148 quart.
808 2104 919 2148 uulyo

219 2189 252 2223 S.
280 2190 321 2223 L.
420 2192 440 2223 3
466 2187 573 2222 iubat
598 2187 646 2232 A
656 2188 695 2220 H
766 2189 785 2220 8
813 2186 1021 2232 publicum]
1048 2184 1238 2230 puplicam
1267 2186 1306 2218 H
1377 2188 1421 2219 10
1446 2184 1543 2219 husi-

191 2237 274 2271 tata
300 2236 349 2270 M
444 2239 486 2270 13
512 2234 730 2280 praeparat]
759 2235 838 2267 -ant
862 2234 924 2278 Αμ
1023 2237 1065 2267 15
1091 2232 1298 2277 praeeedit]
1326 2233 1379 2267 -et
1404 2232 1454 2277 A1

194 2288 236 2318 17
263 2283 445 2328 imparem
471 2284 510 2316 H
607 2285 649 2316 19
677 2280 859 2316 sinistram
883 2280 1023 2315 malam
1049 2280 1085 2315 A
1191 2278 1441 2325 fortissimam]
1469 2279 1542 2314 for-

191 2354 330 2390 tissima
356 2354 403 2399 A1
507 2352 673 2388 dextram
699 2352 837 2387 malam
864 2352 899 2386 A
926 2351 1055 2385 dextra
1083 2330 1221 2385 malam
1251 2349 1284 2385 G
