1638 2620
1362 135 1445 177 127

235 235 337 273 XXI.
371 235 430 273 De
463 235 580 273 scalis
614 234 803 272 sambuca
835 236 993 272 exostra
1024 235 1064 273 et
1095 234 1332 274 tollennone.

215 294 340 332 XXII.
373 294 432 332 De
464 293 636 331 ballistis
679 293 837 342 onagris
871 293 1143 342 scorpionibus
1176 295 1445 333 arcuballistis

440 352 641 390 fustibalis
674 352 824 400 fundis,
860 364 931 401 per
963 364 1064 402 quae
1091 355 1289 391 tormenta
1316 354 1446 392 defen-

441 410 548 449 ditur
575 423 724 449 murus.

193 470 339 508 XXIII.
372 470 600 508 Aduersum
632 469 776 507 arietes
808 472 976 518 prosunt
1003 471 1171 509 culcitae
1204 472 1336 521 laquei
1362 472 1446 521 lupi
1482 478 1499 504 5

441 530 646 567 columnae
677 528 895 577 grauiores,

174 587 341 625 XXIIII.
375 587 434 625 De
460 587 661 635 cuniculis,
683 599 755 636 per
775 599 872 636 quos
894 590 963 626 aut
989 602 1125 627 murus
1153 588 1354 627 defoditur
1376 592 1446 628 aut

440 647 582 685 ciuitas
613 648 860 695 penetratur.

216 705 338 744 XXV.
373 705 475 750 Quid
501 706 631 743 facere
657 705 828 743 debeant
848 705 1046 755 oppidani,
1067 706 1101 744 si
1126 707 1262 746 hostes
1288 708 1446 757 inrupe-

441 765 522 802 rint
554 764 769 802 ciuitatem.
1466 772 1499 797 10

204 822 346 860 XXVI.
381 822 489 868 Quae
523 823 576 861 sit
606 823 830 861 adhibenda
862 823 1030 873 cautela,
1063 836 1112 862 ne
1144 825 1279 863 hostes
1306 825 1446 863 furtim

441 884 632 931 occupent
663 894 832 921 murum.

179 941 340 980 XXVII.
374 940 538 985 Quando
572 941 778 990 oppidanis
804 941 1030 979 infer·antu1
1054 941 1232 981 insidiae.

156 999 341 1039 XXVIII.
375 999 476 1045 Quid
497 1001 645 1038 faciant
662 1000 903 1056 obsidentes,
923 1012 972 1038 ne
992 1001 1041 1038 ab
1063 1001 1269 1049 oppidanis
1295 1002 1447 1050 patian-

440 1061 506 1096 tui
538 1059 714 1098 insidias.
1471 1067 1503 1092 15

110 1156 113 1161 ,
139 1117 345 1155 XXVIIII.
378 1117 462 1163 Quo
496 1130 640 1166 geneie
672 1119 964 1155 tormentorum
996 1118 1137 1156 ciuitas
1171 1119 1417 1158 defendatur.

223 1177 344 1215 XXX.
378 1176 719 1222 Quemadmodum
732 1189 919 1215 mensura
933 1177 1145 1227 colligatur
1166 1179 1212 1216 ad
1236 1179 1361 1217 scalas
1383 1179 1447 1217 uel

430 1235 632 1274 machinas
664 1236 875 1274 faciendas.

197 1295 339 1333 XXXI.
372 1295 591 1343 Praecepta
621 1295 716 1332 belli
746 1294 912 1332 naualis.

178 1354 339 1393 XXXII.
372 1354 543 1391 Nomina
574 1353 759 1403 iudicum,
793 1354 859 1403 qui
890 1356 1103 1402 praeerant
1135 1355 1263 1393 classi.
1466 1363 1499 1386 20

160 1412 344 1450 XXXIII.
376 1412 488 1450 Vnde
522 1413 774 1462 appellentur
804 1413 996 1451 liburnae.

137 1471 338 1510 XXXIIII.
376 1471 461 1516 Qua
494 1472 701 1520 diligentia
733 1472 978 1509 fabricentur
1009 1472 1202 1510 liburnae.

180 1530 338 1567 XXXV.
372 1530 458 1575 Qua
490 1530 770 1569 obseruatione
804 1530 855 1568 sit
887 1531 1084 1569 caedenda
1116 1532 1314 1570 materies.

158 1589 339 1627 XXXVI.
372 1589 456 1634 Quo
488 1602 622 1628 mense
655 1589 877 1627 caedendae
910 1590 989 1628 sint
1015 1591 1160 1629 trabes.

142 1648 342 1687 XXXVII.
374 1648 431 1686 De
462 1649 578 1687 modo
610 1649 869 1687 liburnarum.

120 1707 342 1745 XXXVIII.
375 1707 546 1746 Nomina
577 1710 787 1745 uentorum
820 1710 860 1746 et
891 1721 1088 1746 numerus.

100 1766 341 1804 XXXVIIII.
376 1766 529 1811 Quibus
563 1767 764 1804 mensibus
796 1766 925 1805 tutius
957 1767 1184 1817 nauigetur.

262 1825 341 1862 XL.
376 1824 716 1870 Quemadmodum
756 1828 1041 1875 tempestatum
1073 1826 1324 1865 obseruanda
1368 1827 1447 1866 sint

441 1897 564 1933 mgna.

192 1999 209 2030 1
236 1996 452 2031 tollennone
480 1997 526 2030 A'
554 1997 588 2030 L
616 1997 695 2040 (hic
721 2000 830 2040 corr.)
854 1997 1043 2033 tollenone
1070 1999 1093 2032 ὃ
1128 1998 1304 2033 tolenone
1332 2001 1369 2032 H
1393 2000 1446 2034 te-

98 2042 229 2078 lenone
257 2044 293 2078 P
386 2047 406 2078 5
432 2043 617 2079 Aduersus
640 2045 679 2077 H
774 2048 792 2078 7
820 2043 1021 2090 defoditur]
1049 2045 1249 2090 deponitur
1275 2046 1352 2079 HD

97 2094 116 2124 9
144 2090 281 2135 oppida
306 2090 377 2125 nisi
403 2090 480 2125 ΑΡ
552 2091 667 2125 hostis
688 2091 724 2125 A
795 2091 998 2136 irruperint
1024 2094 1064 2125 H
1131 2096 1173 2127 12
1200 2092 1296 2126 muri
1322 2093 1357 2126 A

99 2141 141 2171 13
157 2148 222 2173 om.
237 2137 282 2182 P
302 2139 479 2173 librarius
492 2141 610 2173 autem
630 2139 705 2183 ipse
725 2139 943 2182 inmaryzow
957 2140 1103 2174 addidit
1148 2140 1340 2182 Quomodo
1356 2140 1445 2186 HP2

146 2188 190 2218 14
215 2163 358 2220 faciunt
383 2186 423 2218 H
477 2189 519 2220 16
547 2184 717 2221 ciuitates
745 2185 991 2220 defendantur
1015 2188 1125 2230 uulqo
1181 2190 1222 2221 17
1252 2166 1447 2228 Quemam2

97 2231 248 2266 modum
274 2233 313 2265 H
335 2233 418 2267 item
444 2233 498 2267 bis
517 2237 646 2277 postea
709 2236 751 2267 19
781 2232 926 2285 [XXXI
931 2233 1123 2279 —XLVI.]
1150 2235 1211 2269 sed
1236 2237 1307 2269 tres
1333 2235 1448 2269 lineas

96 2289 236 2313 uacuas
260 2280 402 2314 relictas
427 2279 584 2315 habetD
634 2284 678 2315 20
704 2279 816 2315 iudici
816 2292 883 2316 11111
899 2282 937 2314 H
984 2280 1158 2315 classibus
1167 2281 1203 2314 P
1250 2284 1293 2315 21
1320 2282 1445 2326 appel-

97 2325 222 2359 lantur
246 2325 318 2360 LP
339 2326 551 2371 apellantur
577 2339 600 2361 oc
675 2331 719 2361 24
746 2327 827 2361 sunt
851 2328 923 2362 LP
992 2331 1036 2362 25
1062 2327 1307 2363 Liburnoium
1334 2330 1380 2363 A'

98 2375 141 2407 26
168 2372 341 2408 numeros
362 2374 396 2407 A
466 2378 509 2409 27
537 2374 734 2419 nauigetur
758 2376 781 2410 i.
811 2375 831 2409 l.
859 2386 906 2411 er.
933 2375 973 2408 E
1033 2378 1077 2410 28
1106 2375 1196 2421 [XL
1203 2375 1394 2421 -XLV1.]
1417 2376 1450 2410 V
