1638 2620
651 143 851 180 Praefatio.
1294 143 1429 180 XLIIII

79 247 160 285 iam
191 245 454 294 diplomatica,
495 256 593 292 quae
629 244 743 282 huius
780 242 917 282 aetatis
952 243 1120 282 homines
1151 247 1310 287 uocant,
1342 245 1430 292 fun-

80 306 261 343 damenta
291 306 380 342 ante
403 304 535 341 omnia
566 303 742 341 iacienda
764 304 966 351 putabam.
1010 302 1101 340 Hac
1126 303 1249 341 altera
1280 303 1432 341 demwm

79 365 240 402 editione
262 364 414 411 partim
445 362 613 400 aliorum
637 372 754 409 opera
772 363 922 409 partim
946 372 1028 399 meo
1054 362 1194 400 iudicio
1219 373 1289 400 uso
1307 362 1432 409 paulo

79 423 253 460 liberiore
294 422 356 459 uel
399 421 525 459 dicam
567 421 756 458 seueriore
796 421 882 458 stilo
924 421 967 458 in
1011 420 1154 469 Veyetii
1184 421 1304 459 libelli
1335 432 1433 468 quae

82 482 289 519 traduntur
312 480 452 518 menda
476 479 570 517 mihi
601 479 707 517 licuit
738 479 1058 518 animaduertere.
1113 479 1253 527 Itaque
1283 482 1433 518 centum

80 539 162 587 fere
193 540 285 577 locis
320 539 435 576 liuius
473 538 648 576 editionis
684 538 806 576 oratio
838 549 864 575 a
886 539 1022 586 priore
1052 538 1233 577 dissentit.
1295 537 1432 587 Appa-

76 600 206 636 ratum
245 600 372 636 autem
411 598 602 640 criticum,
642 598 708 644 qui
747 596 899 639 dicitur,
936 598 1200 645 praecipiente
1230 597 1431 636 Foerstero

79 651 122 707 (l.
154 657 177 694 l.
202 668 246 704 p.
281 651 326 706 7)
358 667 444 695 cum
481 667 525 694 ex
562 656 843 703 antiquioribus
880 657 960 693 twm
997 666 1041 693 ex
1071 656 1121 693 R.
1160 655 1220 694 M.
1258 658 1433 695 uersione

77 715 254 763 suppleui
289 726 357 753 nec
392 726 471 752 non
506 714 708 762 uulqatam
739 714 932 752 lectionem
967 715 1009 751 in
1047 715 1100 752 eis
1139 715 1247 758 locis,
1295 716 1432 763 quibus

77 774 148 812 illa
184 774 291 812 nullo
331 784 502 812 meorum
533 773 637 811 codd.
682 773 893 815 exhibetur,
935 773 1057 811 adieci
1067 767 1098 825 ¹)
1107 786 1122 819 ,·
1146 775 1432 822 praefationem

77 843 168 870 uero
208 834 360 880 excepta
409 827 501 870 ‘cod
545 827 736 870 recensus'
779 832 952 870 maxima
988 834 1106 879 parte
1141 844 1269 880 paene
1313 835 1432 871 totam

79 902 158 929 esse
181 902 325 930 nouam
341 891 474 938 primo
499 891 629 929 obtutu
659 892 884 938 quicumque
915 901 1000 928 cum
1029 892 1166 938 priore
1203 893 1434 931 contenderit

70 950 295 998 perspiciat.
337 950 512 988 Indieem
537 950 697 997 denique
726 950 942 993 uerborum,
975 950 1125 997 qualem
1156 950 1246 988 olim
1275 952 1433 997 florente

81 1010 205 1046 aetate
228 1010 395 1047 maximo
427 1020 514 1047 cum
550 1009 679 1047 labore
714 1009 921 1055 conflatum
944 1010 1044 1047 uiris
1075 1009 1193 1047 doctis
1224 1010 1432 1047 admodum

71 1068 253 1115 probaui,
285 1067 399 1105 talem
429 1068 510 1115 fere
539 1067 799 1115 reponendum
825 1068 1038 1106 arbitratus
1063 1079 1162 1111 sum,
1196 1079 1432 1116 quamquam

77 1127 120 1164 in
144 1126 436 1164 accomodandis
467 1127 520 1164 ad
549 1126 648 1164 hane
679 1126 879 1164 editionem
896 1127 1046 1174 prioris
1070 1128 1314 1175 payinarum
1343 1138 1430 1166 uer-

77 1196 263 1232 suumque
291 1186 462 1223 numeris
489 1185 818 1233 eoestirpandisque
843 1186 924 1223 eius
953 1187 1105 1233 yeneris
1136 1186 1429 1234 typoyraphicis,

78 1254 175 1291 quae
205 1244 397 1287 dicuntur,
428 1244 576 1282 mendis
599 1244 694 1292 plus
724 1256 841 1292 quam
871 1254 950 1292 pro
981 1246 1068 1282 uiro
1099 1246 1180 1282 iam
1214 1248 1430 1284 canescente

80 1302 223 1340 sudaui
254 1305 287 1339 et
317 1303 402 1341 alsi.

196 1407 354 1445 Dabam
384 1407 617 1446 Loerraci
648 1419 736 1446 non.
768 1409 860 1447 Iun.
891 1420 927 1446 a.
963 1408 1089 1446 1885.

885 1534 1107 1577 Carolus
1137 1536 1308 1589 Lany.

177 1660 211 1703 1)
238 1660 366 1695 Addas
397 1660 453 1695 his
487 1660 629 1705 primae
654 1661 830 1705 plaqulae
869 1660 956 1695 locis
996 1660 1181 1696 lectionem
1215 1661 1426 1706 uulqatam:

80 1709 114 1750 5,
141 1710 184 1741 18
211 1706 263 1751 είς]
290 1705 405 1741 etiam
502 1711 535 1751 5,
560 1711 604 1742 21
631 1718 807 1752 umquam
832 1706 1022 1742 dubitauit
1118 1711 1151 1751 5,
1178 1711 1222 1742 22
1250 1709 1427 1744 aduersus

79 1752 172 1788 haec
198 1753 324 1788 omnia
402 1758 434 1798 6,
464 1757 505 1788 19
533 1753 597 1798 qui
622 1766 660 1790 se
687 1764 717 1789 e.
745 1766 771 1790 s.
797 1754 936 1789 habere
961 1765 996 1789 n.
1085 1758 1117 1798 7,
1151 1758 1172 1789 5
1198 1756 1236 1790 et
1262 1755 1428 1791 consiliis

80 1803 114 1843 8,
142 1803 186 1835 10
211 1800 398 1836 delectum
472 1805 504 1845 9,
534 1804 577 1835 10
602 1800 700 1836 norit
781 1805 837 1846 10,
863 1805 884 1836 8
912 1801 1238 1847 comprehenditur
1325 1807 1379 1846 11,
1406 1807 1427 1838 9

80 1845 283 1882 ᾱὶὶεοίῑιιωῃ
359 1851 414 1890 11,
442 1851 485 1882 10
512 1848 570 1882 off.
597 1850 674 1893 put.
751 1852 805 1892 11,
835 1852 876 1883 13
903 1848 1173 1884 committenda
1198 1850 1256 1884 est
1325 1854 1379 1893 12,
1405 1855 1426 1885 2

79 1894 332 1939 negligentius
356 1893 650 1940 incuriosiusque
733 1899 787 1940 12,
808 1900 827 1931 3
861 1906 960 1941 poss.
986 1895 1062 1930 ind.
1146 1900 1202 1940 12,
1229 1901 1249 1932 6
1274 1908 1427 1942 magna-

82 1940 186 1987 [que]
263 1945 316 1985 13,
343 1945 388 1976 22
415 1941 567 1977 diffiniri
644 1946 697 1986 14,
726 1947 767 1978 16
795 1944 924 1988 seque]
951 1954 1028 1978 sese

151 2453 324 2479 ἵκει-τως.
1190 2450 1214 2484 d
