1638 2620
732 103 930 141 Praefatio.
1383 100 1502 135 XXXI

154 210 206 248 acl
236 220 294 247 me
324 209 428 245 misit
459 201 514 258 (a.
544 199 689 257 1867).
740 203 991 242 Contulerunt
1034 205 1161 241 autem
1195 202 1296 240 hunc
1339 202 1500 239 codicem

153 271 237 317 post
268 268 336 305 Du
366 267 469 304 Rieu
499 265 782 312 Zanyemeister
813 266 924 310 atque
954 264 995 300 in
1025 273 1150 299 meum
1174 273 1288 298 usum
1312 260 1386 299 Dr.
1413 260 1504 297 Fri-

155 329 305 366 dericus
330 325 452 363 Schlie
479 319 531 376 (a.
562 317 709 375 1868),
736 335 761 361 a
786 334 857 370 quo
883 324 997 360 etiam
1023 322 1235 368 excerptum
1260 320 1357 358 illud
1384 319 1504 357 Vatie.

163 386 260 424 VII.
297 396 393 423 saec.
438 384 734 430 transscriptum
781 382 898 419 liabeo
949 375 981 433 (‚·
1012 381 1112 419 idem
1157 379 1337 417 Vaticani
1375 379 1503 426 4493,

155 447 220 493 qui
268 444 361 482 milii
410 443 516 481 dubii
565 444 694 484 erant,
744 441 842 478 locos
890 451 1037 477 mecum
1080 439 1365 477 accuratissime
1408 448 1504 474 com-

156 496 400 554 municauit).
444 502 582 548 Itaque
612 502 654 538 in
685 499 920 546 conficienda
952 510 996 536 ea
1036 498 1177 546 Veyetii
1208 498 1377 540 editione,
1410 507 1506 543 Quae

160 564 270 601 1869
304 561 469 609 prodiit,
514 571 599 598 cum
636 559 786 597 duabus
823 558 906 595 Pal.
942 558 1024 595 909
1065 557 1329 594 collationibus
1368 558 1505 598 uterer,

155 622 356 660 rarissime
386 621 500 657 liuius
532 619 636 656 lectio
674 619 716 655 in
753 618 866 655 dubio
903 617 998 654 milii
1033 617 1339 662 relinquebatum·
1383 615 1508 652 decem

157 692 248 719 uero
279 680 472 717 mensibus
495 680 702 726 postquam
740 676 934 724 Veyetium
971 676 1236 718 emiseramus,
1274 674 1508 712 ualetudinis

159 751 278 778 causa
326 738 465 775 Italico
516 738 648 775 itinere
696 738 866 783 suscepto
917 746 1002 772 cum
1051 734 1198 771 Romae
1246 734 1321 781 ipsi
1370 733 1510 770 scilicet

153 799 391 846 primarium
434 796 544 834 illum
588 796 665 833 cod.
706 789 805 847 (una
843 806 927 831 cum
964 795 1002 830 E
1041 796 1074 830 et
1107 788 1157 844 V)
1202 793 1508 840 inspexissemus,

159 857 308 895 Martio
339 866 464 893 mense
491 867 526 893 a.
550 855 663 892 1870
689 853 983 900 Heidelberyam
1014 853 1160 890 reuersi
1191 850 1510 899 „Supple·mento“

158 917 223 954 illo
267 915 352 959 „ad
391 914 533 962 Veqetii
574 916 747 951 nostram
791 913 1019 950 eclitioneni“
1064 922 1107 948 ex
1153 911 1221 948 lioc
1264 911 1510 957 potissimum

159 976 282 1013 codice
325 984 422 1021 quae
470 973 624 1011 editioni
666 975 821 1010 nostrae
869 971 1070 1008 adicienda
1112 971 1342 1007 uidebantur
1393 969 1511 1006 doctis

159 1035 260 1072 uiris
294 1033 592 1080 proposuimus;
635 1032 680 1069 de
716 1031 913 1068 nonnullis
951 1030 1110 1076 denique
1146 1029 1261 1066 liuius
1299 1029 1387 1066 libri
1429 1029 1510 1065 sin-

158 1093 308 1141 qularis
333 1093 569 1139 optimaeque
587 1093 699 1128 notae
725 1090 826 1132 locis,
853 1090 918 1136 qui
943 1089 1125 1136 quomodo
1152 1089 1363 1136 leyerentm
1389 1087 1511 1124 altera

159 1153 231 1189 liae
257 1152 416 1189 editione
447 1151 620 1188 instituta
645 1151 841 1187 etiamtum
872 1149 1200 1190 dubitaueramus,
1235 1145 1417 1184 Ciccolini
1447 1147 1512 1183 uir

162 1212 401 1248 doctissimus
439 1212 472 1246 et
509 1209 867 1251 reuerendissimus,
908 1208 973 1254 qui
1003 1218 1107 1244 nunc
1140 1206 1349 1244 Vaticanae
1384 1205 1513 1243 biblio-

162 1270 287 1307 thecae
310 1270 484 1316 praeest,
516 1270 693 1316 royantes
723 1278 792 1305 nos
824 1267 1167 1304 benevolentissime
1206 1266 1381 1302 certiores
1413 1265 1511 1311 fecit.

170 1328 238 1367 Vsi
270 1330 396 1365 autem
426 1339 559 1365 sumus
596 1327 663 1364 lioc
700 1327 824 1364 codice
861 1326 1020 1363 eundem
1058 1326 1100 1363 in
1136 1325 1308 1367 modum,
1347 1335 1418 1370 Quo
1457 1334 1514 1360 co-

159 1388 306 1426 dicibus
338 1385 438 1424 AM.

285 1448 321 1484 7.
361 1439 438 1497 V1)
462 1461 517 1474 =
546 1444 757 1482 Vaticanus
789 1444 921 1491 4493,
964 1444 1002 1480 in
1040 1443 1105 1490 fol.
1144 1444 1247 1488 min„
1283 1442 1385 1479 XII.
1417 1453 1513 1479 sace.

167 1505 348 1552 quamuis
380 1506 557 1542 accurate
589 1505 621 1541 et
652 1504 849 1551 diligenter
880 1514 926 1540 ac
956 1503 1053 1540 satis
1084 1504 1245 1539 correcte
1269 1502 1349 1548 fere
1381 1512 1515 1538 exara-

163 1567 238 1607 tus,
270 1566 397 1601 tamen
428 1564 651 1610 saepissime
681 1563 837 1610 sinqula
863 1564 1051 1599 commata
1077 1562 1387 1598 terminationum
1411 1560 1516 1597 simi-

162 1623 322 1661 litudine
365 1623 498 1669 lapsus
541 1623 686 1659 omittit.
760 1621 913 1658 Desinit
955 1622 997 1658 in
1039 1620 1117 1667 IV,
1151 1621 1204 1657 39
1250 1620 1297 1666 cf.
1342 1619 1437 1668 157,
1473 1620 1515 1666 13

169 1684 282 1720 ettam
314 1681 535 1729 capitulatio
568 1681 656 1718 libri
686 1680 757 1718 IV
784 1691 860 1717 non
891 1681 997 1717 ultra
1034 1681 1148 1726 eaput
1181 1680 1232 1716 39
1254 1678 1516 1726 proyreclitur,

157 1743 363 1789 praeterea
394 1741 492 1778 inter
522 1740 586 1787 fol.
623 1741 646 1777 6
681 1742 714 1777 et
747 1741 769 1777 7
803 1751 924 1776 unum
951 1739 1087 1776 excidit
1116 1739 1253 1785 folium
1286 1732 1353 1789 (cf.
1378 1749 1420 1784 p.
1450 1737 1517 1785 22,

168 1800 220 1837 18
255 1802 288 1837 el
322 1800 387 1848 26,
423 1794 479 1849 6.)
546 1798 620 1847 Qui
652 1799 764 1836 codex
796 1810 881 1836 cum
912 1809 1013 1835 unus
1045 1809 1089 1835 ea:
1126 1798 1278 1845 optimis
1309 1797 1374 1839 sit,
1413 1796 1518 1833 haud

163 1860 404 1906 superfluum
446 1860 542 1905 puto
586 1858 775 1895 nonnulla
819 1858 871 1895 acl
914 1857 1224 1904 orthographiam
1272 1856 1386 1893 liuius
1430 1855 1519 1892 libri

164 1919 375 1965 spectantia
424 1928 521 1963 quae
570 1917 639 1954 Du
688 1916 789 1954 Rieu
838 1917 1038 1963 eoecerpsit,
1081 1926 1308 1963 proponere.
1371 1913 1516 1951 balista

166 1979 199 2014 el
230 1976 410 2024 ballista,
442 1976 604 2024 molior,
646 1975 883 2023 eineinatus,
923 1974 1084 2023 thesali,
1122 1974 1293 2023 quintio,
1325 1972 1518 2021 quotiens,

166 2034 387 2084 adquirere,
421 2034 596 2084 adgredi,
629 2047 799 2084 assumo,
832 2033 1040 2081 ascribere,
1073 2033 1383 2081 amminiculum,
1416 2031 1519 2080 aspi-

167 2106 267 2143 cere,
299 2094 535 2144 adgregare,
570 2093 777 2138 adtentus,
811 2094 1019 2143 atenuare,
1052 2092 1282 2140 adneebere,
1315 2093 1518 2139 annotare,

169 2152 359 2202 adsolere,
393 2153 617 2201 adpor'care‚
650 2152 915 2200 adsuefacere,
947 2151 1158 2201 adplicare,
1191 2163 1400 2200 apponere.
1451 2162 1519 2188 au-

167 2212 295 2261 datia,
333 2212 552 2261 prouintia,
596 2212 779 2262 inficiari,
818 2211 967 2250 fidutia.
1032 2210 1186 2260 Gneus,
1225 2213 1333 2259 tyro,
1374 2209 1521 2259 Tyber,

265 2349 297 2392 1)
326 2349 369 2391 cf.
393 2359 432 2393 p.
465 2347 552 2382 XV.
