1638 2620
690 114 889 151 Praefatio.
1395 118 1465 152 VII

117 219 244 255 autem
268 216 374 253 intra
397 215 465 252 lios
488 215 690 263 sexayinta
714 226 779 253 sex
804 226 927 253 annos
951 217 1200 263 imperatores
1226 215 1464 255 Valentinia-

119 287 190 313 nus
213 274 276 312 II.
309 269 359 324 (†
387 268 504 323 392),
538 273 769 312 Theodosius
792 274 828 312 I.
863 268 912 324 (†
939 268 1064 326 395),
1095 274 1295 312 Honorius
1327 277 1359 312 et
1383 273 1462 312 Ar-

120 334 268 376 cadius,
303 332 538 370 Theodosius
566 332 630 369 ΙΙ.
664 326 937 384 (408—450)
977 335 1010 370 et
1048 333 1342 371 Valentinianus
1372 334 1460 371 III.

119 385 416 444 (425—455).
465 388 522 428 At
551 392 652 428 enim
683 391 756 428 duo
788 392 931 430 codices
951 391 1069 439 (HV)
1089 393 1191 439 iique
1221 393 1316 430 satis
1347 393 1465 430 bonae

118 451 208 497 fidei
238 445 312 488 ‘ad
343 450 574 487 theodosium
604 446 906 497 imperatorem’,
936 452 1122 489 nimirum
1155 451 1222 488 Th.
1254 451 1291 488 Ι.
1322 452 1463 488 intelle-

115 512 253 556 9entes,
278 509 521 556 inscriptioni
546 508 662 546 libelli
687 509 859 546 adiciunt
884 509 1049 556 alibique
1074 503 1133 561 (D
1159 503 1321 561 quoque)
1348 521 1463 557 aqno-

120 570 238 605 scunt.
279 566 364 610 Sed,
391 568 484 614 quin
508 567 793 615 interpolatoris
818 568 1119 605 additamentum
1144 569 1241 606 illud
1264 569 1325 611 sit,
1356 580 1465 606 nemo

118 627 320 669 dubitabit,
352 627 436 673 qui,
469 637 584 673 quam
620 626 730 673 infra
761 627 981 664 accuratius
1019 628 1250 674 aperiemus,
1280 629 1466 665 naturam

117 685 271 723 illorum
307 685 477 722 codicum
500 685 622 731 probe
645 685 912 732 perpenderit;
944 686 1096 728 accedit,
1129 686 1238 732 quod,
1271 697 1339 723 cur
1368 686 1467 724 illud

117 744 360 791 imperatoris
395 754 549 786 nomen,
586 744 621 781 si
648 744 859 790 qenuinum
889 744 1041 790 fuisset,
1080 745 1127 781 ab
1166 757 1182 781 ε
1220 744 1296 781 cod.
1332 755 1468 792 qenere

117 803 160 840 in
202 802 400 840 tradendis
441 803 572 840 rubris
614 803 679 840 illo
723 803 873 849 quidem
916 803 1182 840 sollicitissimo
1225 813 1301 840 non
1349 804 1467 850 fuerit

118 861 362 908 cupidissime
381 863 593 908 arreptum,
611 862 680 898 uix
691 864 816 908 potest
834 862 1007 909 intelleqi.
1049 861 1319 899 Verumtamen
1337 863 1465 899 rectis-

116 921 211 958 sime
234 921 350 957 istum
377 921 576 957 coniecisse
601 920 692 957 olim
716 931 849 958 sumus
868 921 1070 965 arbitrati;
1095 923 1190 957 certe
1207 921 1465 967 praedicatio-

115 990 183 1016 nes
214 979 420 1026 quaedam,
453 979 584 1025 quales
607 980 649 1016 in
674 979 796 1016 libello
823 981 950 1017 nostro
978 980 1153 1026 lequntur
1182 999 1232 1003 —
1269 978 1466 1016 continuis

116 1037 293 1075 uictoriis
325 1049 371 1075 ae
396 1036 610 1086 triumphis
641 1049 683 1085 p.
705 1038 773 1081 33,
803 1039 840 1086 2,
869 1039 905 1086 3,
936 1037 1121 1075 domitori
1160 1036 1334 1075 omnium
1372 1049 1466 1087 gen·

116 1096 218 1134 tium
251 1096 513 1133 barbararum
543 1108 585 1144 p.
620 1097 693 1144 33,
730 1098 801 1143 11,
851 1096 955 1134 tanti
992 1096 1243 1145 imperatoris
1276 1096 1365 1134 ibid.
1398 1097 1466 1139 13,

119 1154 236 1192 huius
275 1154 477 1193 felicitatis
502 1156 628 1203 p.52,
647 1156 713 1204 14,
738 1157 900 1193 cunctos
933 1155 1193 1204 imperatores
1231 1154 1422 1192 felicitate
1434 1150 1464 1205 l)

119 1234 169 1239 —-
200 1213 403 1262 praecedis
434 1226 477 1261 p.
501 1215 595 1262 128,
620 1215 672 1251 18
694 1226 758 1262 sq„
790 1214 903 1263 regni
937 1214 1135 1262 animique
1168 1213 1229 1251 tui
1255 1213 1358 1251 bona
1383 1225 1466 1251 cer-

116 1272 247 1309 nimus
280 1293 330 1298 —
359 1273 553 1321 quantum
572 1273 637 1309 uel
663 1273 837 1310 humana
862 1285 972 1310 mens
998 1275 1133 1321 petere
1157 1272 1222 1309 uel
1248 1272 1380 1322 gratia
1398 1284 1467 1320 po-

117 1331 198 1369 tuit
218 1331 353 1368 diuina
373 1331 552 1369 conferre
570 1344 613 1379 p.
644 1333 738 1380 129,
764 1333 783 1368 1
802 1344 866 1381 sq.,
899 1332 1116 1380 imperator
1134 1331 1281 1369 inuicte
1308 1343 1350 1378 p.
1369 1332 1407 1380 5,
1430 1332 1466 1369 7.

120 1392 192 1440 29,
220 1391 257 1428 3.
292 1391 359 1439 33,
386 1391 423 1428 4.
459 1391 525 1439 64,
555 1391 621 1429 16.
656 1391 757 1438 124,
788 1391 852 1429 15.
889 1392 989 1440 150,
1016 1391 1042 1427 4
1076 1386 1141 1440 (cf.
1175 1392 1288 1427 etiam
1320 1390 1393 1439 52,
1423 1385 1467 1441 7)

124 1470 173 1474 --
209 1460 444 1496 quamquam
476 1460 520 1487 ex
551 1450 688 1487 aetatis
712 1450 819 1487 illius
848 1461 952 1487 more
977 1451 1019 1487 in
1050 1450 1221 1496 quemuis
1253 1449 1374 1486 alium
1398 1450 1470 1485 im-

111 1511 333 1556 peratorem
356 1509 552 1555 pertinere
574 1511 750 1555 possunt,
783 1511 909 1546 tamen
940 1510 981 1546 in
1008 1508 1259 1546 Theodosium
1289 1507 1325 1544 Ι.
1350 1508 1471 1554 potis-

118 1568 260 1605 simum
297 1567 433 1604 cadere
462 1567 653 1605 uidentur.
703 1565 803 1604 Sunt
841 1569 954 1605 etiam
986 1567 1175 1614 quaedam
1204 1567 1342 1608 uerba,
1374 1577 1470 1613 quae

118 1626 258 1663 directo
294 1626 409 1664 huius
449 1627 693 1673 imperatoris
723 1626 888 1663 indolem
920 1638 965 1664 ac
994 1626 1101 1673 facta
1139 1626 1370 1663 adumbrare
1393 1637 1471 1672 pu-

119 1686 286 1730 taueris,·
322 1686 365 1722 in
396 1685 449 1722 eis
481 1686 597 1728 enim,
637 1695 733 1732 quae
756 1697 800 1732 p.
835 1686 936 1732 128,
972 1685 1023 1722 15
1045 1696 1098 1732 sq.
1130 1684 1261 1727 habes,
1294 1683 1357 1720 Ab
1389 1682 1468 1720 illis

121 1763 171 1768 —
207 1743 274 1780 uel
305 1755 454 1791 paucae
485 1743 552 1780 uel
587 1743 782 1792 singulae,
817 1756 840 1781 a
872 1743 1022 1792 pietate
1056 1744 1127 1780 tua
1158 1741 1467 1780 innumerabiles

118 1802 238 1839 urbes
271 1801 328 1839 ita
359 1802 443 1852 iugi
474 1802 609 1840 labore
641 1802 840 1851 perfectae
869 1805 971 1851 sunt,
1003 1804 1050 1839 ut
1080 1814 1159 1839 non
1189 1804 1273 1838 tam
1297 1801 1471 1838 humana

122 1873 241 1898 manu
274 1860 453 1899 conditae
486 1873 603 1910 quam
636 1861 769 1899 diuino
803 1863 905 1899 nutu
936 1861 1147 1899 uideantur
1177 1862 1306 1903 natae,
1339 1871 1472 1907 quam-

211 2018 512 2062 1)Moderatione
527 2019 750 2054 castimonia
771 2020 950 2064 exemplis
971 2019 1238 2063 indulgentiae,
1262 2017 1467 2052 studiorum

123 2077 266 2108 amore,
292 2077 384 2111 quas
408 2067 581 2109 uirtutes,
615 2068 696 2102 licet
719 2078 758 2101 re
781 2078 870 2102 uera
888 2079 947 2102 ma
946 2077 1005 2112 jis
1023 2068 1065 2101 in
1086 2066 1386 2100 Valentinianum
1407 2065 1434 2098 I
1435 2065 1471 2098 Ι

119 2114 314 2159 quadrent,
341 2113 537 2148 Theodosio
562 2125 710 2158 quoque,
734 2117 775 2149 ut
801 2115 981 2149 Pacatum
1008 2105 1272 2158 paneyyricum
1297 2112 1472 2153 omi‚ttam

122 2161 291 2195 uindicat
322 2160 426 2195 Seaeti
457 2162 583 2196 Aurel.
618 2161 751 2196 Victor.
784 2161 888 2206 Epit.
923 2173 950 2196 e.
978 2164 1034 2195 48.
1085 2161 1128 2195 Si
1158 2170 1259 2204 quem
1289 2160 1382 2194 talia
1414 2159 1472 2193 de-

123 2209 269 2250 lectant,
294 2208 418 2251 confei
420 2211 458 2242 at
483 2209 610 2243 Latin.
641 2208 730 2243 Pae.
759 2212 812 2250 11,
841 2213 862 2242 4
889 2208 1121 2252 (Gothusffl
1138 2207 1365 2241 Hunnus—
1382 2205 1472 2239 Ala-

122 2255 225 2298 nus’)
252 2259 283 2289 et
310 2266 336 2290 c.
359 2259 417 2299 32,
437 2258 459 2288 4
485 2255 655 2298 (Gothus
681 2256 741 2290 ille
759 2259 791 2290 et
811 2255 978 2290 Hunnus
996 2259 1029 2290 et
1048 2254 1224 2298 Alanus')
1251 2264 1330 2288 cum
1343 2252 1473 2287 Nostri

118 2313 160 2346 p.
187 2305 250 2346 22,
279 2305 318 2345 1,·
350 2302 510 2337 Latinus
539 2302 777 2337 Theodosium
807 2306 1011 2337 constanter
1042 2302 1201 2346 appellat
1225 2301 1474 2344 imperatorem

125 2353 192 2384 aut
216 2350 465 2394 imperatorem
491 2349 700 2394 Auyustum
726 2350 785 2394 (cf.
814 2349 944 2384 Nostri
964 2361 1002 2393 p.
1030 2352 1083 2392 37,
1112 2349 1182 2393 21).
