1638 2620
596 129 675 166 Lib.
703 130 748 174 Π,
776 133 807 165 8.
835 135 866 166 9.
1343 130 1400 171 43

56 230 131 268 hoc
151 235 211 268 est
232 238 287 268 CL
307 229 497 280 homines,
523 228 777 279 gubernabat.
815 229 871 267 Ad
894 241 1011 280 quem
1032 230 1071 267 in
1098 229 1249 280 legione
1276 241 1399 280 prope

56 290 202 340 omnia,
248 299 346 339 quae
386 287 600 325 ordinanda
639 293 749 339 sunt,
792 290 1003 339 pertinent.
1065 287 1162 326 Item
1202 288 1399 326 secundus

56 347 229 386 hastatus
250 347 469 385 centuriam
489 347 619 397 semis,
646 346 685 384 id
707 351 766 384 est
788 355 844 384 CL
865 347 1055 399 homines,
1074 342 1248 398 regebat.
1291 346 1398 384 Tria-

53 407 137 444 rius
174 407 283 456 prior
321 410 480 443 centum
517 403 694 443 homines
733 405 987 455 gubernabat.
1044 405 1108 444 Sic
1141 405 1277 444 decem
1310 417 1398 444 cen-

53 465 178 502 turiae
217 463 390 502 cohortis
433 464 582 514 primae
621 475 640 500 a
680 464 854 514 quinque
894 464 1103 503 ordinariis
1148 464 1434 516 regebantur.5

54 522 204 567 Quibus
237 534 397 573 magnae
430 521 618 561 utilitates
651 526 690 559 et
722 534 886 573 magnus
912 523 1038 561 honor
1064 530 1124 562 est
1149 536 1169 562 a
1196 523 1399 562 ueteribus

53 583 312 631 constitutus,
344 586 388 620 ut
420 582 543 620 ceteri
575 580 717 619 milites
751 593 797 618 ex
831 587 911 619 tota
943 581 1095 632 legione
1129 584 1235 620 omni
1267 582 1398 620 labore

52 652 96 678 ac
141 640 349 679 deuotione
395 639 681 678 contenderent
721 639 767 678 ad
812 646 917 678 tanta
959 642 1131 690 praemia
1175 642 1398 692 peruenire.

52 698 175 738 Erant
208 700 324 737 etiam
357 700 621 749 centuriones,
654 699 722 749 qui
755 698 926 749 singulas
960 701 1158 737 centurias
1192 699 1398 751 curabant3

53 759 122 808 qui
147 770 251 796 nuuc
279 759 495 796 centenarii
520 759 785 796 nominantur.
832 756 955 795 Erant
982 758 1129 809 decani,
1163 758 1274 796 denis
1299 758 1397 796 mili·
1420 768 1453 792 10

51 816 157 855 tibus
184 817 410 868 praepositi,
437 817 504 867 qui
531 828 636 854 nunc
664 822 780 866 caput
806 815 1057 854 contubernii
1084 822 1287 856 uocantur.
1331 817 1397 855 Se-

51 875 178 913 cunda
205 875 346 913 cohors
371 874 540 913 habebat
566 876 818 914 centuriones
852 876 1043 927 quinque,
1077 875 1257 914 similiter
1284 877 1399 914 tertia

52 940 188 985 quarta
215 946 340 985 usque
367 934 413 972 ad
441 933 629 972 decimam
658 933 872 973 cohortem.
917 934 960 972 In
989 940 1067 972 tota
1095 941 1226 972 autem
1246 934 1397 985 legione

51 999 164 1031 erant
178 994 431 1031 centuriones
446 994 730 1044 quinquaginta
752 994 937 1044 quinque.
970 992 1083 1031 VIIII.
1106 993 1181 1031 Sed
1202 992 1254 1031 le·
1269 1019 1307 1039 De
1321 1019 1538 1045 officiopmefeffl

52 1053 129 1102 gati
144 1053 392 1103 imperatoris
406 1064 453 1090 ex
469 1051 696 1090 consulibus
714 1051 760 1090 ad
776 1053 973 1090 exercitus
988 1051 1255 1103 mittebantur,
1269 1048 1386 1074 ¹eg³⁰m

51 1110 195 1161 quibus
215 1111 389 1161 legiones
411 1116 449 1149 et
469 1110 609 1149 auxilia
628 1112 815 1149 uniuersa
840 1110 1164 1161 obtemperabant
1183 1112 1222 1148 in
1244 1110 1397 1148 ordina-

52 1170 157 1207 tione
178 1171 285 1220 pacis
306 1169 370 1208 uel
389 1171 625 1208 necessitate
646 1169 857 1220 bellorum,
885 1171 924 1208 in
952 1182 1121 1220 quorum
1141 1169 1271 1208 locum
1293 1181 1398 1207 nunc

50 1228 238 1267 inlustres
259 1229 367 1267 uiros
394 1234 548 1267 constat
573 1229 781 1279 magistros
801 1228 968 1267 militum
996 1228 1244 1280 substitutos,
1266 1241 1285 1266 a
1314 1229 1396 1279 qui-

50 1286 124 1325 bus
163 1299 241 1325 non
280 1293 431 1326 tantum
474 1287 587 1326 binae
620 1287 794 1338 legiones
827 1287 895 1325 sed
929 1290 1044 1326 etiam
1077 1287 1210 1338 plures
1244 1288 1398 1325 numeri

51 1345 333 1397 gubernantur.
372 1346 562 1398 Proprius
584 1351 714 1384 autem
734 1347 852 1384 iudex
873 1352 956 1384 erat
977 1347 1201 1397 praefectus
1221 1346 1397 1397 legionis,
1419 1355 1452 1379 20

50 1404 198 1443 habens
232 1406 440 1444 comitiuae
467 1406 584 1456 primi
611 1405 759 1443 ordinis
787 1405 1028 1457 dignitatem,
1062 1407 1129 1456 qui
1155 1405 1316 1443 ahsente
1347 1405 1399 1442 le-

50 1469 138 1514 gato
159 1469 357 1515 tamquam
378 1465 551 1503 uicarius
572 1465 696 1514 ipsius
716 1470 951 1514 potestatem
971 1465 1176 1502 maximam
1192 1463 1398 1502 retinebat.

51 1522 218 1561 Tribuni
238 1523 302 1561 uel
322 1525 574 1562 centuriones
596 1523 798 1573 ceterique
819 1523 963 1561 milites
984 1524 1069 1561 eius
1090 1528 1299 1574 praecepta
1316 1534 1398 1560 ser-

50 1581 205 1621 uabant.
252 1581 478 1632 Vigiliarum
505 1584 589 1620 siue
615 1582 873 1632 profectionis
894 1588 1043 1620 tessera
1064 1582 1110 1620 ab
1133 1581 1270 1620 eodem
1292 1587 1399 1632 pete-

50 1639 176 1679 batur.
224 1640 265 1679 si
286 1641 398 1679 miles
419 1642 567 1680 crimen
589 1640 744 1691 aliquod
767 1641 999 1694 admisisset,
1027 1642 1260 1679 auctoritate
1288 1652 1398 1691 prae·
1419 1648 1451 1674 25

73 1753 117 1789 V.
143 1755 183 1789 L.
258 1755 351 1789 locos
375 1758 530 1789 mutasse
555 1757 669 1789 censet
694 1754 823 1800 Lanye
848 1755 869 1788 l.
891 1755 912 1788 l.
1020 1758 1035 1788 1
1065 1753 1122 1787 Ad
1149 1764 1259 1798 quem
1284 1765 1338 1797 pr.
1366 1765 1398 1788 o.

50 1813 85 1846 q.
110 1801 149 1836 in
175 1802 245 1846 leg.
274 1813 306 1836 ο.
334 1814 359 1836 s.
386 1803 496 1846 uulyo
556 1806 575 1836 3
604 1802 809 1836 centuriam
836 1803 873 1836 et
898 1800 1007 1836 semis
1030 1802 1082 1845 (et
1107 1813 1129 1835 a
1149 1805 1174 1836 ,2
1202 1802 1342 1843 adiect.)
1363 1802 1402 1834 H

147 1849 260 1894 [hom.
287 1848 441 1894 regebat
465 1847 617 1884 triarius
643 1848 743 1892 prior
775 1849 886 1894 cent]
916 1861 931 1883 ε
960 1849 1064 1893 prob.
1099 1848 1277 1883 Salmczszsso
1309 1849 1342 1882 (Ζ.
1369 1859 1397 1882 r.

50 1907 94 1931 m.
128 1907 156 1931 e.
185 1900 207 1931 6
292 1900 314 1930 4
338 1896 454 1941 prior]
482 1895 660 1939 posterior
685 1896 813 1941 Lanye
893 1895 1071 1930 centuriis
1093 1908 1107 1929 ε
1191 1899 1210 1929 5
1240 1894 1398 1940 [primae

50 1943 130 1978 coh.
158 1955 180 1978 a
205 1942 368 1988 quinque
396 1943 490 1989 orci]
513 1955 528 1978 ε
604 1947 624 1977 6
650 1942 826 1977 utilitatis
848 1944 892 1978 εδ
916 1942 1095 1978 utilitatis
1116 1953 1205 1977 corr.
1232 1944 1273 1976 iu
1298 1941 1399 1976 utili-

49 1990 150 2025 tates
170 1991 207 2025 P
289 1990 374 2036 [est]
401 1992 441 2024 H
525 1994 542 2025 7
571 1989 699 2035 ceteri]
727 1992 876 2025 centum
903 1991 925 2024 δ
1012 1994 1054 2024 10
1081 2000 1175 2024 nunc
1209 1991 1246 2024 et
1278 1990 1400 2024 cente—

50 2036 146 2072 narii
171 2039 209 2072 H
277 2042 318 2072 12
345 2038 457 2073 tertia
484 2039 520 2072 et
547 2049 606 2081 qu.
633 2038 744 2082 uulgo
814 2041 856 2071 13
883 2037 922 2071 in
946 2039 1067 2072 totam
1094 2049 1125 2071 a.
1153 2036 1338 2081 legionem
1364 2036 1400 2070 A

145 2085 228 2119 CAP.
255 2084 366 2121 VHH.
468 2089 509 2119 17
538 2084 665 2130 [nunc]
693 2098 717 2128 μ
816 2089 857 2119 18
884 2084 1037 2119 illustris
1063 2084 1097 2118 V

78 2179 111 2214 S.
139 2179 179 2214 L.
277 2183 299 2213 4
325 2178 445 2214 decim
472 2179 519 2223 A1
647 2182 667 2213 8
695 2179 976 2225 contenderent]
1004 2178 1245 2214 contenderet
1269 2178 1305 2213 A

53 2226 135 2262 CAP.
162 2226 275 2262 VIIII.
329 2230 371 2261 15
399 2226 581 2261 exercitos
603 2240 627 2260 α
704 2230 746 2261 18
772 2225 935 2262 illustres
957 2228 997 2260 Π
1069 2230 1110 2260 18
1137 2225 1335 2260 subtitutes
1353 2226 1402 2259 M

150 2278 190 2308 19
217 2274 375 2319 numeri]
403 2273 547 2308 muneri
574 2275 613 2307 H
707 2278 749 2307 21
778 2274 922 2319 legato]
951 2273 1091 2318 legatio
1117 2274 1153 2307 A
1246 2277 1288 2307 23
1317 2283 1398 2307 cen-

53 2320 234 2367 turiones]
257 2321 468 2356 centurines
478 2321 526 2355 M
570 2320 711 2356 milites
733 2320 830 2366 eius]
853 2320 1089 2365 militeresA1
1121 2320 1318 2363 (militares
1332 2321 1398 2365 ΑΖ)

148 2371 192 2402 25
220 2367 434 2413 admisisset]
462 2367 675 2403 ammisisset
697 2370 736 2401 H
782 2367 1022 2413 auctoritate]
1053 2367 1315 2402 auctoritatem
1336 2368 1399 2411 Αμ
