1638 2620
126 1242 159 1266 10

126 1537 158 1562 15

651 507 910 554 LIBER
966 507 1050 554 ΙΙΙ.

299 697 557 735 Athenienses
590 703 628 735 et
654 696 983 735 Lacedaemonios
1017 701 1106 734 ante
1134 696 1366 734 Macedonas
1392 708 1526 735 rerum

178 757 324 807 potitos
356 757 477 806 prisci
510 755 694 794 locuntur
727 754 895 794 annales.
961 754 1104 793 Verum
1137 755 1236 805 apud
1266 755 1526 794 Athenienses

178 828 255 854 non
289 815 414 853 solum
442 816 500 853 rei
527 814 687 853 bellicae
716 814 783 852 sed
812 816 928 852 etiam
955 814 1203 852 diuersarum
1230 815 1374 853 artium
1401 815 1527 865 uiguit

178 874 389 926 industria,
422 874 741 912 Lacedaemoniis
784 878 914 912 autem
953 874 1164 924 praecipua
1204 873 1277 911 suit
1315 885 1409 912 cura
1447 873 1525 911 bel—

178 933 316 972 lorum.
374 933 497 971 Primi
535 933 705 984 denique
745 933 1012 983 experimenta
1045 944 1264 983 pugnarum
1298 932 1346 970 de
1378 934 1528 971 euenti-

178 992 251 1031 hus
278 992 509 1042 colligentes
530 999 653 1031 artem
676 991 916 1042 proeliorum
938 992 1145 1042 scripsisse
1173 991 1381 1030 firmantur
1402 1003 1527 1042 usque

178 1064 241 1103 e0,
268 1056 311 1090 ut
338 1064 421 1090 rein
449 1051 675 1101 militarem,
704 1063 803 1102 quae
830 1052 978 1089 uirtute
1006 1050 1086 1089 sola
1113 1050 1177 1089 uel
1207 1056 1314 1089 certe
1342 1050 1526 1089 felicitate

178 1110 355 1149 creditur
387 1111 598 1161 contineri,
632 1110 677 1148 ad
712 1109 958 1160 disciplinam
986 1111 1230 1160 peritiaeque
1258 1109 1386 1148 studia
1414 1121 1527 1148 reuo-

178 1175 314 1208 carent
346 1181 389 1208 ac
418 1171 623 1220 magistros
651 1181 868 1220 armorum,
897 1181 995 1219 quos
1028 1170 1191 1207 tacticos
1218 1168 1529 1221 appellauerunt,

178 1229 427 1267 iuuentutem
462 1241 571 1267 suam
605 1240 719 1267 usum
754 1229 1065 1279 uarietatemque
1101 1227 1301 1279 pugnandi
1328 1229 1527 1279 praecipe-

178 1292 268 1326 rent
300 1287 477 1326 edocere.
535 1286 566 1326 O
600 1288 709 1326 uiros
743 1299 894 1326 summa
923 1287 1180 1325 admiratione
1208 1286 1434 1338 laudandos,
1462 1288 1529 1338 qui

178 1359 262 1385 eam
297 1348 506 1398 praecipue
546 1351 671 1384 artem
710 1346 886 1385 ediscere
925 1346 1156 1396 uoluerunt,
1195 1347 1279 1384 sine
1324 1357 1397 1397 qua
1432 1345 1529 1384 aliae

178 1411 282 1444 artes
309 1418 395 1444 esse
422 1418 500 1444 non
527 1404 708 1457 possunt!
742 1405 890 1444 Horum
919 1410 1130 1456 sequentes
1157 1406 1336 1443 instituta
1366 1404 1533 1443 Romani

178 1465 308 1503 Martii
340 1466 471 1515 operis
504 1470 712 1515 praecepta
747 1470 784 1503 et
818 1477 890 1502 usu
922 1465 1173 1503 retinuerunt
1201 1469 1238 1502 et
1263 1463 1406 1502 litteris
1438 1476 1526 1515 pro-

179 1523 377 1563 diderunt.
435 1523 541 1568 Quae
575 1535 644 1574 per
678 1523 858 1561 diuersos
891 1529 1072 1562 auctores
1105 1523 1305 1573 librosque
1339 1523 1528 1575 dispersa,

179 1584 392 1634 imperator
418 1583 585 1634 inuicte,
612 1582 925 1621 mediocritatem
951 1594 1078 1620 meam
1105 1582 1337 1620 abbreuiare
1365 1583 1528 1633 iussisti,

179 1654 227 1680 ne
261 1641 324 1680 uel
352 1641 550 1680 fastidium
578 1647 809 1680 nasceretur
836 1654 881 1680 ex
909 1641 1088 1692 plurimis
1120 1641 1183 1680 uel
1209 1640 1411 1692 plenitudo
1440 1641 1529 1679 fidei

179 1701 336 1740 deesset
373 1702 413 1738 in
452 1701 596 1752 paruis.
661 1699 859 1745 Quantum
899 1706 1029 1739 autem
1068 1702 1107 1738 in
1146 1699 1306 1752 proeliis
1340 1699 1529 1738 Lacedae-

202 1813 245 1848 V.
273 1814 310 1848 L.
395 1819 409 1848 1
439 1814 661 1849 macedones
684 1816 721 1848 H
799 1818 817 1848 2
845 1814 1046 1857 loquuntur
1073 1827 1099 1848 π
1182 1819 1202 1848 3
1229 1814 1281 1849 rei
1308 1813 1478 1858 publicae
1506 1816 1528 1848 δ

251 1866 270 1895 5
299 1861 473 1907 denique]
503 1872 661 1905 namque
687 1862 798 1906 mdqo
882 1862 926 1896 de
954 1862 1092 1907 euent]
1120 1861 1164 1895 de
1192 1860 1388 1896 edentibus
1409 1861 1454 1895 A*

181 1913 198 1943 7
228 1908 303 1943 fola
329 1919 371 1943 ac
401 1909 533 1955 [cerbe]
562 1908 657 1943 felic.
686 1911 722 1942 H
795 1913 815 1943 8
843 1908 1057 1953 disciplinae
1076 1912 1093 1943 λ
1167 1908 1377 1944 reuocarint
1403 1909 1463 1943 δΡ

183 1960 224 1990 10
251 1955 510 2001 praeciperent
537 1957 602 2000 μΠ
631 1955 884 2001 praeciperint]
904 1957 949 1990 A‘
975 1955 1234 2001 praeceperint
1254 1956 1314 1990 δΡ
1375 1959 1414 1989 11
1445 1956 1528 1991 edo-

181 2003 255 2037 ceri
283 2004 342 2038 aP
469 2014 489 2038 o
515 2002 631 2049 uiros]
666 2003 749 2047 quis
776 2014 850 2038 non
882 2003 950 2038 hos
971 2007 988 2038 λ
1097 2007 1138 2038 13
1167 2002 1394 2049 [sequentes]
1424 2004 1463 2036 Π

183 2054 226 2084 14
252 2050 354 2084 usum
381 2053 399 2085 λ
484 2051 667 2085 retinuere
696 2052 734 2084 H
826 2055 866 2085 16
893 2050 1111 2086 abbreuiare
1140 2053 1177 2085 H
1204 2049 1420 2085 adbreuiare
1448 2051 1532 2085 εδΡ

255 2101 296 2132 18
323 2098 478 2144 deesset]
506 2098 724 2133 deficeretur
748 2099 823 2139 (sed
851 2109 869 2132 c
895 2099 919 2133 i.
947 2099 968 2133 l.
996 2102 1060 2142 er.)
1086 2099 1126 2132 H

205 2203 239 2237 S.
267 2204 306 2237 L.
386 2209 402 2239 1
430 2204 680 2240 machedonas
702 2205 831 2251 (——-e—
861 2204 956 2248 GM)
975 2217 998 2238 α
1096 2208 1115 2238 2
1143 2203 1300 2249 potitos]
1329 2202 1455 2248 potius
1478 2203 1525 2248 Al

277 2254 297 2284 4
324 2251 639 2287 lachedaemoniis
661 2252 710 2286 M
798 2256 815 2286 7
844 2251 997 2297 uirtute]
1025 2250 1163 2287 uirtute
1193 2250 1240 2296 Al
1340 2254 1382 2286 10
1408 2250 1528 2295 usum]

180 2297 245 2331 usu
271 2311 295 2342 μ
403 2303 442 2333 11
471 2298 730 2334 ammiratione
758 2301 795 2333 H
899 2298 1124 2344 laudandos]
1152 2297 1361 2333 laudandus
1383 2297 1430 2343 Al

183 2349 226 2379 14
251 2346 381 2380 marcii
407 2347 456 2380 M
550 2350 592 2381 18
618 2346 982 2382 lachedemoniorum
1011 2346 1058 2380 M
