1638 2620
566 114 647 151 Lib.
674 116 701 160 1,
730 118 783 150 18.
813 119 867 150 19.
895 119 949 151 20.
1375 115 1427 155 21

85 220 129 253 ut
160 226 238 253 non
270 213 397 252 solum
429 225 449 251 a
482 213 630 253 dextris
663 214 731 253 sed
772 215 890 253 etiam
922 225 941 251 a
978 214 1148 252 sinistris
1180 213 1359 264 partibus
1392 219 1431 252 et

84 273 234 312 insilire
273 277 313 311 et
350 271 508 311 desilire
547 272 841 325 condiscerent,
873 273 1101 324 euaginatos
1134 274 1250 311 etiam
1282 271 1430 323 gladios

84 332 150 371 uel
182 336 319 370 contos
351 336 543 370 tenentes.
596 331 680 370 Hoc
707 333 800 370 item
834 331 996 371 adsidua
1026 331 1280 370 meditatione
1313 332 1429 370 sacie-

84 390 194 439 bant‚
228 389 379 429 scilicet
409 395 454 429 ut
485 391 526 428 in
553 391 725 429 tumultu
757 391 897 442 proelii
924 392 1008 429 sine
1035 403 1143 429 mora
1170 390 1431 429 ascenderent

84 451 152 501 qui
168 455 246 488 tam
260 448 434 488 studiose
456 448 744 488 exercebantur
758 451 797 488 in
812 462 918 500 pace.
958 449 1108 488 XVIIII.
1129 449 1288 488 Pondus
1302 463 1540 490 Adportaudumpo

84 520 241 559 quoque
261 507 436 546 baiulare
457 520 583 558 usque
604 508 650 546 ad
666 517 728 547 LX
742 508 861 546 libras
877 515 915 546 et
930 510 1006 547 iter
1021 509 1148 547 facere
1165 509 1289 560 gradu
1302 494 1380 543 ῗὲῖῗεξ
1380 499 1475 543 ³³³³³³
1477 494 1523 515 ‘³⁰⁵

83 567 243 605 militari
281 567 602 617 frequentissime
641 567 807 618 cogendi
846 573 938 605 sunt
976 569 1168 619 iuniores,
1208 567 1430 618 quibus‘in

83 625 217 664 arduis
249 625 564 677 expeditionibus
597 627 812 664 necessitas
851 627 1017 665 inminet
1055 638 1248 665 annonam
1281 627 1430 677 pariter

84 691 122 723 et
148 697 254 723 arma
281 684 473 736 portandi.
527 685 607 723 Nec
634 685 708 724 hoc
736 685 921 723 credatur
948 697 1035 723 esse
1063 685 1241 737 difficile,
1275 687 1307 724 si
1333 697 1430 724 usus

83 745 315 795 accesserit3
358 743 454 781 nihil
501 745 605 782 enim
650 750 725 795 est,
767 743 871 795 quod
911 755 989 782 non
1028 744 1189 782 adsidua
1231 744 1430 783 meditatio
1452 754 1485 778 10

83 802 311 841 facillimum
331 801 479 840 reddat.
526 801 670 853 [Quam
697 815 782 841 rem
809 804 991 853 antiquos
1018 803 1161 842 milites
1189 804 1430 842 factitauisse

84 860 252 912 Vergilio
285 863 369 913 ipso
403 866 503 900 teste
536 863 831 914 cognoscimus,
864 863 931 912 qui
964 863 1016 900 ait

1544 471 1571 485 n-

1541 495 1571 515 ti-

204 947 304 988 ‘Non
337 962 452 989 secus
485 962 528 988 ac
560 951 698 1001 patriis
731 962 822 988 acer
854 949 1054 988 Romanus
1087 951 1127 988 in
1160 951 1279 988 armis

202 1009 352 1047 Iniusto
386 1009 459 1048 sub
492 1009 595 1047 fasce
629 1010 735 1047 uiam
769 1021 859 1048 cum
892 1010 1035 1060 carpit,
1068 1015 1107 1047 et
1139 1009 1243 1048 hosti

201 1068 300 1106 Ante
334 1073 583 1120 expectatum
614 1069 753 1119 positis
787 1073 864 1107 stat
895 1070 935 1106 in
968 1069 1121 1118 agmine
1155 1065 1342 1117 castris.']
1453 1078 1485 1103 15

85 1274 160 1313 Sed
199 1276 240 1312 in
280 1274 349 1312 hac
383 1280 494 1324 parte
533 1276 692 1325 antiqua
728 1276 886 1326 penitus
920 1276 1164 1314 consuetudo
1198 1275 1324 1314 deleta
1357 1281 1433 1328 est3

105 1388 148 1422 V.
175 1387 212 1423 L.
288 1392 307 1422 2
338 1387 446 1433 [infil.
474 1388 527 1433 et]
557 1388 593 1422 P
683 1387 845 1433 desilire]
874 1388 1037 1423 desidere
1065 1389 1109 1434 Cr*l
1201 1394 1220 1423 3
1246 1389 1315 1424 hoc
1342 1388 1435 1424 item

82 1435 192 1481 Lcmy
211 1435 281 1470 hoc
301 1435 401 1469 idem
421 1434 458 1468 π’
480 1435 551 1470 hoc
572 1435 669 1470 enim
690 1436 749 1470 εΡ
796 1440 817 1469 4
837 1435 978 1470 scilieet
998 1438 1034 1470 et
1053 1435 1090 1469 in
1111 1449 1134 1469 α
1186 1436 1268 1470 CAP.
1284 1435 1433 1471 XVIIII.

178 1488 197 1518 6
225 1481 415 1527 sexaginta
440 1495 493 1527 μπ
579 1486 622 1516 12
648 1481 808 1527 uergilio
834 1482 870 1516 A
896 1481 1047 1527 Uirgilio
1075 1483 1219 1528 MGQn
1299 1495 1435 1529 cogno-

82 1529 216 1564 scimus
237 1530 325 1575 HA2
355 1529 449 1564 Giss.
478 1529 647 1574 cognosci
668 1530 702 1564 α’
730 1529 908 1575 cognosce
930 1529 963 1564 G
989 1529 1221 1575 cognoscitur
1243 1531 1272 1576 Q
1298 1541 1434 1575 cogno-

82 1577 205 1612 uimus
232 1577 292 1611 &P
323 1576 444 1621 potest
477 1576 647 1621 cognosci
678 1578 751 1612 Ed.
787 1576 859 1612 Col.
897 1577 1027 1612 Totum
1058 1589 1212 1620 comma,
1245 1588 1357 1621 quam
1390 1598 1434 1603 ——

82 1624 223 1667 castris,
251 1625 341 1668 quin
365 1625 533 1668 spurium
557 1625 623 1667 sit,
653 1625 721 1659 uix
752 1625 904 1659 dubium
935 1629 985 1660 est
1010 1625 1055 1668 cf.
1082 1625 1097 1658 Ι
1126 1629 1156 1659 5.
1282 1630 1323 1659 13
1350 1625 1436 1660 Non

82 1671 184 1707 secus
211 1672 297 1717 ete]
348 1670 449 1716 Very.
484 1671 609 1716 Geory.
643 1672 723 1706 ΙΙΙ
752 1675 920 1707 346—48
953 1683 1065 1716 quom
1106 1672 1207 1716 Very.
1243 1672 1436 1715 (Ribbeck)

81 1720 277 1755 secundum
309 1719 383 1754 cod.
411 1718 451 1752 F
559 1722 603 1752 14
629 1719 730 1754 hoste
758 1733 782 1764 μ
813 1718 956 1753 hostem
984 1719 1046 1753 31³
1076 1720 1150 1754 eod.
1186 1719 1287 1764 Very.
1316 1720 1373 1764 Ml
1400 1731 1430 1765 cl

179 1770 222 1800 15
249 1767 485 1810 expectatum
512 1765 572 1800 ὁῬ
598 1765 778 1812 Veryilius
805 1766 1024 1811 expectatus
1045 1766 1092 1800 A'
1120 1769 1157 1800 H
1182 1766 1389 1811 expectatis
1410 1780 1435 1811 μ

178 1813 249 1860 [in]
287 1813 320 1847 V
423 1813 571 1858 agmine
603 1814 740 1848 sHVP
771 1814 902 1858 Veryil.
936 1815 1010 1848 cod.
1044 1814 1236 1858 FMRybc
1273 1818 1305 1848 et
1336 1814 1435 1849 Aru-

81 1862 181 1896 siam·
214 1859 365 1905 agmina
395 1859 526 1906 Verqil.
553 1862 749 1896 seeundum
775 1862 849 1897 cod.
879 1862 915 1895 P
939 1861 1018 1896 acie
1046 1862 1083 1895 D

107 1967 140 2002 S.
168 1966 205 2002 L.
304 1971 323 2001 2
350 1965 506 2012 insilire]
533 1967 678 2002 insilere
703 1967 749 2002 A'
843 1967 996 2002 desilere
1022 1967 1085 2012 Αμ
1183 1972 1202 2001 3
1231 1966 1373 2001 assidua
1398 1969 1439 2001 H

177 2018 198 2048 4
223 2014 386 2049 tumulto
413 2015 495 2048 a⁷H
582 2014 715 2058 proelii
741 2014 815 2049 sine
843 2015 962 2060 mora]
989 2014 1143 2059 proeliis
1165 2015 1297 2049 lacuna
1322 2015 1436 2049 unius
1579 2038 1600 2049 κ

84 2062 223 2096 litterae
247 2073 292 2096 ne
325 2073 429 2096 mora
457 2061 505 2095 M
534 2061 669 2106 praelii
695 2062 712 2095 s
732 2074 779 2095 m.
808 2064 847 2096 H
956 2067 978 2096 4
1004 2062 1245 2097 ascenderam:
1276 2072 1366 2096 corr.
1393 2063 1435 2096 in

82 2108 321 2143 ascenderent
345 2110 385 2150 (a
405 2108 470 2151 12)
495 2108 531 2142 Α
652 2111 672 2142 5
699 2109 779 2154 qui]
811 2120 923 2153 quam
952 2110 1000 2143 M
1118 2108 1264 2143 stutiose
1293 2109 1342 2142 M

83 2154 164 2191 CAP.
192 2155 341 2190 XVIIII.
428 2160 448 2190 5
474 2155 623 2191 Pondos
644 2156 693 2190 M
770 2161 787 2191 7
814 2156 1170 2201 frequentantiffime
1197 2158 1236 2190 H
1319 2159 1340 2190 8
1365 2156 1434 2190 im-

81 2203 198 2237 minet
224 2205 263 2237 H
359 2207 400 2237 10
428 2202 572 2238 assidua
591 2206 626 2237 H
704 2208 745 2238 13
772 2204 904 2248 patriis
925 2205 1025 2249 acer]
1052 2203 1185 2248 patriis
1206 2203 1307 2238 sacer
1332 2203 1368 2238 A

81 2250 273 2295 romanus]
300 2250 361 2285 -os
383 2251 430 2296 Al

160 2308 258 2343 'CAR
285 2309 364 2345 XX.
428 2313 470 2344 18
496 2310 584 2355 hac]
612 2321 654 2344 ac
681 2311 720 2344 H
795 2309 963 2356 penitus]
991 2309 1164 2355 poenitus
1184 2310 1221 2345 A
1294 2309 1433 2356 deleta]

83 2355 229 2392 delecta
253 2356 303 2390 M
