1638 2620
167 113 221 155 72
720 114 798 150 Lib.
821 114 883 158 111,
909 117 942 149 4.

168 213 328 264 fossam,
361 225 555 264 occuparo
589 212 758 264 aliquem
792 212 920 251 locum
954 217 1009 265 et,
1042 224 1090 250 ne
1118 224 1136 250 a
1164 211 1514 251 contubernalibus

167 272 441 324 detrudantur,
468 273 590 310 scutis
617 273 788 309 inuicem
815 270 1066 310 obuiantibus
1094 272 1177 309 niti.
1226 271 1280 309 Ita
1309 272 1511 309 exercitati

167 337 206 369 et
239 331 383 370 eruditi
415 332 454 368 in
489 329 649 368 sedibus
682 329 837 382 milites,
871 331 954 368 siue
982 329 1036 368 illi
1063 329 1265 380 legionarii
1293 331 1377 368 siue
1405 331 1509 368 auxi-

166 389 283 429 liares
304 391 387 427 siue
410 390 564 439 equites
585 389 744 440 fuerint,
771 401 859 427 cum
881 388 927 427 ad
955 388 1241 439 expeditionem
1270 401 1316 427 ex
1343 389 1513 427 diuersis

130 460 145 485 5
167 449 428 487 conuenerint
460 448 648 499 numeris,
680 447 939 486 aemulatione
973 449 1133 486 uirtutis
1166 447 1357 498 proelium
1390 448 1512 498 magis

166 519 327 546 necesse
360 506 532 545 habeant.
563 512 698 557 optare
732 518 848 558 quam
875 508 1016 545 otium:
1061 518 1175 544 nemo
1202 507 1345 557 cogitat
1377 506 1424 544 de
1452 512 1510 544 tu-

166 566 304 618 multu,
338 566 404 616 qui
438 565 618 604 fiduciam
652 565 699 603 de
727 571 809 604 arte
837 565 900 604 uel
928 564 1081 603 uiribus
1108 566 1219 615 gerit..
1271 564 1355 603 Dux
1383 570 1512 603 autem

167 637 252 662 esse
287 624 402 663 debet
429 624 624 676 adtentus,
656 629 700 663 ut
725 626 765 663 in
793 623 975 662 omnibus
1003 623 1221 675 legionibus
1249 625 1332 661 siue
1360 623 1514 662 auxiliis

166 683 227 721 uel
261 683 580 721 uexillationibus
613 695 631 721 a
667 683 834 722 tribunis
868 684 1027 721 uicariis
1052 683 1348 734 principiisque,
1382 683 1414 720 si
1445 683 1513 733 qui

113 755 147 779 10
166 742 385 781 turbulenti
417 741 480 780 uel
513 742 689 780 seditiosi
721 747 813 781 sunt
846 742 1001 793 milites,
1035 753 1111 779 non
1145 753 1216 792 pro
1248 741 1395 779 inuidia
1423 753 1511 792 sug-

165 807 372 853 gerentum
394 801 461 839 sed
483 813 554 852 pro
583 813 715 839 rerum
743 802 909 840 ueritate
937 805 1146 852 cognoscat
1167 812 1312 851 eosque
1339 799 1511 851 pruden-

166 862 255 898 tiori
283 859 446 899 consilio
474 865 699 911 segregatos
727 873 745 898 a
773 861 912 898 castris
940 859 986 898 ad
1008 859 1199 910 agendum
1222 859 1378 910 aliquid,
1406 858 1510 909 quod

165 921 260 970 ipsis
293 931 416 970 prope
450 919 632 958 uideatur
659 918 839 971 optabile,
872 924 939 957 aut
964 918 1009 956 ad
1039 917 1193 957 castella
1222 917 1420 968 urbesque
1448 917 1511 955 de-

166 983 279 1029 putet
306 978 538 1016 muniendas
565 983 681 1028 atque
710 978 935 1029 seruandaS,
962 983 1068 1016 tanta
1090 977 1317 1029 subtilitate,
1343 982 1397 1028 ut,
1423 988 1512 1014 cum

113 1050 147 1075 15
168 1037 405 1088 abiciuntur,
438 1037 647 1075 uideantur
681 1037 805 1076 electi.
854 1036 1075 1087 Numquam
1102 1037 1205 1074 enim
1234 1035 1278 1074 ad
1313 1040 1512 1074 contuma-

166 1098 262 1134 ciam
303 1098 387 1147 pari
428 1108 624 1134 consensu
659 1096 867 1135 multitudo
900 1096 1140 1146 prorumpit,
1174 1094 1241 1132 sed
1275 1095 1461 1133 incitatur
1494 1105 1513 1132 a

164 1156 313 1207 paucis,
341 1156 409 1206 qui
433 1157 622 1193 uitiorum
651 1155 923 1206 scelerumque
952 1155 1210 1205 inpunitatem
1240 1159 1399 1204 sperant
1424 1165 1513 1204 pec-

165 1226 253 1252 care
295 1226 383 1252 cum
423 1214 614 1265 plurimis.
673 1214 783 1260 Quod
822 1215 854 1252 si
894 1214 988 1251 ferri
1027 1213 1260 1251 medicinam
1299 1213 1515 1250 necessitas

165 1278 339 1311 extrema
377 1274 644 1324 persuaserit,
683 1274 830 1311 rectius
869 1278 928 1311 est
967 1284 1075 1310 more
1114 1273 1305 1310 maiorum
1344 1272 1384 1309 in
1424 1282 1513 1308 auc-

111 1346 144 1370 20
165 1338 271 1370 tores
300 1333 509 1370 criminum
545 1332 749 1379 uindicari,
783 1338 826 1370 ut
858 1332 904 1370 ad
939 1343 1075 1369 omnes
1108 1337 1257 1382 metus,
1289 1330 1334 1368 ad
1367 1341 1514 1381 paucos

162 1403 287 1442 poena
314 1392 531 1442 perueniat.
572 1390 867 1429 Laudabiliores
897 1396 1026 1429 tamen
1054 1390 1174 1428 duces
1201 1395 1312 1440 sunt,
1345 1400 1513 1439 quorum

188 1505 230 1539 V.
257 1504 295 1540 L.
398 1508 414 1538 1
441 1504 553 1539 fossas
581 1506 620 1538 H
727 1504 882 1549 [locum]
912 1505 951 1537 H
1057 1507 1076 1537 2
1104 1503 1141 1537 in
1176 1502 1287 1537 scutis
1315 1515 1329 1536 ε
1430 1501 1512 1537 niti.

162 1551 235 1597 Ita]
263 1551 342 1585 Nisi
367 1551 421 1586 ita
442 1553 481 1585 H
551 1556 570 1586 3
597 1552 662 1586 ille
689 1563 777 1587 corr.
806 1552 847 1585 in
871 1551 978 1585 illiA
1003 1550 1060 1585 illi
1082 1550 1176 1585 GaP
1198 1549 1275 1584 inii?
1296 1551 1314 1583 λ
1339 1548 1447 1583 illum
1466 1549 1516 1583 M

164 1598 253 1644 [illi]
274 1601 313 1633 H
360 1602 382 1632 4
401 1599 550 1633 fuerunt
570 1600 604 1633 A
661 1603 681 1633 5
703 1598 819 1643 num]
840 1597 934 1633 locis
947 1599 1057 1642 zculyo
1109 1601 1128 1631 6
1149 1596 1291 1631 necesse
1311 1596 1476 1631 habeant
1495 1609 1512 1631 ε

161 1645 303 1680 necesse
329 1646 470 1680 habent
496 1646 685 1692 ([necesse]
708 1648 763 1690 H)
783 1644 820 1678 π’
847 1645 989 1679 neccsse
1010 1645 1062 1679 est
1081 1645 1245 1679 habeant
1265 1644 1301 1678 P
1360 1649 1378 1679 7
1399 1644 1513 1689 gerit]

162 1693 336 1727 habuerit
362 1695 380 1726 λ
477 1697 497 1727 8
525 1693 559 1728 d.
587 1705 616 1728 e.
644 1694 754 1738 uulqo
853 1697 896 1727 10
924 1692 1183 1737 suggerentum
1207 1691 1297 1725 A'H
1319 1690 1515 1736 suggeren-

162 1741 249 1774 dum
277 1753 301 1785 μ
326 1740 601 1785 suggerentium
631 1741 689 1775 δΡ
775 1744 814 1774 11
843 1751 908 1784 pro
936 1739 1074 1784 rerum]
1103 1749 1297 1783 procerum
1325 1750 1341 1772 ε
1427 1750 1513 1782 pru-

163 1787 330 1822 dentiore
351 1788 414 1821 δΡ
499 1791 541 1821 13
568 1799 683 1832 prope
710 1787 802 1833 uid]
829 1786 1071 1830 prouideatur
1096 1786 1326 1831 (videbatur
1353 1785 1396 1830 Q)
1424 1788 1442 1819 λ

163 1835 343 1878 deputent
369 1836 463 1878 (—ent
489 1835 538 1880 9,·
576 1836 666 1878 -aent
698 1835 748 1878 V)
774 1835 855 1869 εὸΡ
950 1838 992 1869 15
1018 1833 1111 1879 uid]
1140 1832 1393 1867 existimentur
1420 1833 1442 1865 δ

164 1886 206 1916 16
233 1882 295 1916 fed
313 1882 507 1927 incitatur]
530 1882 590 1916 sed
609 1882 812 1916 incitantur
832 1884 850 1916 λ
870 1881 898 1915 si
917 1881 1110 1916 decidatur
1128 1881 1162 1914 V
1178 1879 1206 1914 fi
1226 1880 1427 1915 decedatur
1441 1879 1514 1913 ΡΙ)

235 1929 290 1975 [a]
319 1942 334 1964 ε
400 1933 441 1963 17
469 1929 679 1973 inpunitate
707 1929 808 1974 (imp.
829 1930 866 1974 ὃ)
893 1929 951 1963 Ga
1027 1932 1068 1963 18
1095 1927 1182 1962 ferri
1208 1928 1307 1961 aLH
1330 1927 1425 1961 ferre
1453 1926 1517 1960 ὃΡ

160 1976 241 2011 fieri
269 1977 299 2022 Q
324 1977 435 2021 uulyo
518 1980 559 2011 19
587 1976 655 2022 est]
683 1987 725 2010 ex
752 1978 791 2010 H
861 1986 963 2011 more
989 1977 1053 2021 m]
1081 1976 1199 2010 morte
1226 1974 1384 2009 aliorum
1410 1974 1446 2008 P

162 2028 205 2058 20
231 2022 415 2058 uindicari
441 2024 496 2069 ut]
523 2023 712 2059 uindicare
739 2025 781 2057 ut
799 2024 833 2057 L
857 2022 1093 2057 uindicarent
1112 2023 1153 2067 Q,
1182 2021 1372 2056 uindicare
1396 2031 1442 2054 ne
1466 2020 1510 2066 Q2

256 2071 303 2106 ad
329 2071 381 2116 p.]
410 2081 476 2116 per
501 2071 640 2116 paucos
661 2074 680 2105 λ
779 2074 821 2104 21
851 2070 980 2116 duces]
1007 2069 1149 2104 iudices
1170 2069 1232 2103 ὃΡ

186 2164 220 2199 S.
242 2165 280 2198 L.
340 2169 359 2199 5
385 2165 543 2209 prelium
566 2167 604 2199 H
658 2169 677 2199 6
705 2176 813 2209 quam
843 2164 977 2209 otium]
1005 2163 1236 2208 quamotium
1259 2162 1288 2206 (”
1311 2163 1373 2205 er.)
1394 2161 1442 2195 M

163 2215 181 2246 7
208 2211 377 2247 fidutiam
398 2212 453 2246 Aa
510 2217 530 2247 8
558 2212 724 2247 attentus
740 2212 779 2245 H
832 2216 851 2246 9
873 2211 916 2256 fi]
939 2211 973 2246 se
994 2212 1029 2245 A
1089 2215 1132 2245 10
1153 2209 1371 2254 turbulenti]
1393 2208 1511 2243 tribu—

160 2259 253 2293 lenti
279 2260 328 2293 M
399 2263 440 2293 11
470 2259 647 2305 ueritate]
674 2259 857 2294 uarietate
885 2260 925 2292 H
989 2258 1188 2302 cognuscat
1208 2257 1254 2291 A'
1320 2259 1363 2290 14
1388 2255 1513 2300 tanta]

160 2307 306 2340 tantam
333 2309 368 2340 H
471 2310 513 2340 15
540 2306 814 2341 contumatiam
840 2318 856 2340 ε
946 2310 986 2340 17
1014 2305 1197 2341 uiciorum
1223 2304 1269 2338 A'
1355 2302 1513 2347 impuni-

163 2354 280 2388 tatem
307 2356 345 2388 H
443 2357 485 2388 18
511 2353 753 2400 medicinam]
781 2352 967 2389 medicina
992 2354 1032 2386 H
1125 2357 1167 2387 21
1195 2351 1330 2396 poena]
1357 2360 1454 2398 pena
1477 2351 1517 2384 H
