1638 2620
200 87 254 130 96
662 87 739 122 Lib.
768 88 830 133 111,
859 92 912 124 12.
943 92 995 123 13.
1028 92 1079 123 14.

200 193 282 226 tum
317 188 488 226 hostium
516 188 707 226 uenerint.
769 187 860 225 Sine
887 186 1006 225 dubio
1034 193 1163 226 autem
1192 189 1427 226 infirmiores
1455 194 1547 227 sunt

199 258 367 297 quorum
402 251 553 285 mentes
587 248 670 296 ipsc
703 245 908 284 confundit
935 251 1134 298 aspectus,
1170 246 1237 285 sed
1270 246 1343 285 hoc
1371 247 1544 286 remedio

199 305 364 343 formido
408 305 570 356 lenitur,
613 306 663 356 si,
703 309 911 355 antequam
951 304 1130 356 dimices,
1170 306 1398 356 frequenter
1437 318 1546 344 exer-

199 365 320 403 citum
350 369 461 402 tuum
486 363 583 402 locis
611 363 823 402 tutioribus
851 363 1020 415 ordines,
1048 364 1150 403 unde
1178 370 1217 403 et
1237 364 1372 403 uidere
1393 364 1547 403 hostem

161 431 177 455 5
199 429 237 461 et
263 435 476 473 agnoscere
505 428 778 461 consuescant.
823 421 1024 461 Interdum
1051 423 1220 462 audeant
1245 423 1391 474 aliquid
1415 436 1460 462 ex
1483 436 1545 462 oc-

200 483 377 521 casione:
413 487 480 520 aut
514 481 650 532 fugent
676 487 742 520 aut
767 482 995 520 interimant
1022 483 1218 534 inimicos,
1251 494 1381 521 mores
1408 482 1546 521 aduer-

199 541 404 592 sariorum,
426 553 546 592 arma,
567 552 688 590 equos
717 546 1011 591 recognoscant.
1050 540 1147 579 Nam
1171 553 1268 592 quae
1291 553 1337 579 ex
1358 553 1433 580 usu
1455 547 1548 580 sunt

55 613 98 647 vQ
101 619 184 633 uuuuu
185 613 301 648 mod-1311
340 612 417 638 non
452 602 652 638 timentur.
714 598 813 637 XIII.
852 598 1005 638 Bonum
1039 599 1179 638 ducem
1213 601 1399 638 conuenit
1431 612 1546 639 nosse

54 643 327 699 {331¹¹53³1}3}Z⁸22¹2¹.g³‘
340 671 518 709 magnam
541 664 692 709 partem
708 659 897 697 uictoriae
916 659 1043 709 ipsum
1059 658 1200 709 locum,
1214 660 1254 697 in
1270 671 1346 709 quo
1363 659 1547 698 dimican-

147 727 179 751 10
200 717 292 756 dum
309 723 379 769 est,
394 718 609 769 possidere.
642 716 807 755 Elabora
826 729 930 769 ergo,
946 723 989 756 ut
1011 723 1269 756 conserturus
1291 730 1449 756 manum
1469 720 1547 769 pri-

198 789 304 815 mum
332 777 518 815 auxilium
554 782 687 828 captes
720 789 765 814 ex
799 776 902 828 loco,
936 777 1004 827 qui
1036 781 1143 815 tanto
1178 776 1313 815 utilior
1339 776 1546 829 iudicatur,

198 842 342 887 quanto
360 837 541 887 superior
555 836 676 874 fuerit
691 841 917 886 occupatus.
945 835 987 874 In
1004 835 1202 874 subiectos
1217 837 1322 874 enim
1338 835 1546 875 uehemen-

198 896 275 933 tius
297 894 372 933 tela
396 894 659 946 descendunt,
681 901 717 933 et
741 896 886 933 maiore
908 896 1057 945 impetu
1079 894 1302 934 obnitentes
1322 907 1413 946 pars
1435 895 1548 934 altior

138 962 145 966 ”
199 953 320 1004 pellit.
371 953 446 999 Qui
473 954 640 992 aduerso
668 955 808 992 nititur
835 953 950 1005 cliuo,
977 953 1120 1005 duplex
1149 954 1254 993 subit
1281 966 1370 992 cum
1396 953 1482 992 loco
1509 960 1548 994 et

145 1022 177 1047 15
200 1013 311 1051 hoste
340 1019 551 1051 certamen.
595 1013 671 1051 Sed
700 1012 760 1051 illa
789 1013 971 1051 distantia
999 1018 1071 1064 est,
1092 1012 1208 1064 quod,
1229 1014 1262 1051 si
1283 1013 1329 1051 de
1351 1013 1548 1064 peditibus

199 1073 277 1110 tuis
310 1073 517 1111 uictoriam
550 1084 686 1123 speras
719 1077 854 1110 contra
889 1073 1042 1123 equites
1075 1071 1266 1123 hostium,
1298 1071 1381 1110 loca
1411 1084 1546 1124 aspera

199 1131 416 1181 inaequalia
438 1136 644 1170 montuosa
666 1130 785 1169 debes
814 1130 976 1182 eligere,
1004 1132 1036 1169 si
1062 1143 1159 1169 uero
1181 1130 1228 1169 de
1249 1130 1449 1181 equitibus
1471 1133 1547 1170 tuis

199 1196 335 1228 contra
356 1190 573 1228 aduersarii
594 1189 746 1240 pedites
765 1191 972 1228 uictoriam
987 1191 1155 1242 quaeris,
1171 1191 1284 1241 sequi
1299 1189 1417 1228 debes
1432 1190 1547 1241 paulo

200 1248 359 1300 quidem
387 1249 550 1287 editiora
577 1249 672 1300 loca,
701 1249 768 1287 sed
795 1248 908 1299 plana
933 1254 1049 1300 atque
1070 1251 1255 1301 patentia,
1282 1261 1409 1300 neque
1438 1249 1547 1288 siluis

54 1334 108 1383 MQ
102 1339 186 1353 ΠΠΠΠΠ
185 1333 302 1353 lmodum
343 1320 470 1359 neque
495 1307 702 1359 paludibus
729 1308 924 1359 impedita.
977 1307 1094 1346 XIIII.
1134 1307 1397 1346 Ordinaturus
1424 1310 1545 1347 aciem

72 1399 119 1418 a,
97 1364 192 1413 ²⁵13„
159 1364 223 1383 ¹³⁹²*
196 1365 285 1442 ἕῃῇἷ
281 1363 324 1413 [ἷζ
340 1369 412 1405 tila
425 1367 641 1406 ‹lebetante
654 1379 894 1418 prospicere
904 1367 1025 1405 solem
1040 1366 1245 1418 puluerem
1258 1372 1432 1405 uentum.
1452 1367 1548 1406 Nam

61 1423 133 1442 ΕΜ
138 1424 164 1442 Π*
224 1423 303 1443 uma·
341 1426 398 1464 sol
419 1432 507 1465 ante
531 1427 667 1465 faciem
690 1427 806 1477 eripit
827 1427 969 1478 uisum,
991 1432 1134 1464 uentus
1160 1427 1380 1465 contrarius
1404 1431 1469 1464 tua
1489 1428 1546 1465 in-

198 1485 320 1524 flectit
341 1498 384 1523 ac
409 1485 606 1537 deprimit,
630 1485 802 1524 hostium
823 1485 984 1524 adiuuat
1005 1485 1091 1537 tela,
1112 1485 1242 1536 puluis
1264 1498 1283 1523 a
1306 1485 1433 1524 fronte
1456 1498 1546 1524 con—

199 1549 333 1595 gestus
366 1544 503 1582 oculos
535 1544 670 1595 implet
704 1550 741 1582 et
775 1543 929 1582 claudit.
990 1544 1092 1582 Haec
1133 1549 1330 1582 momento
1369 1556 1433 1597 eo,
1469 1557 1546 1596 quo

224 1611 263 1645 V.
293 1612 332 1646 L.
434 1616 450 1645 1
480 1610 672 1656 [hostium]
700 1612 830 1655 tempo,-
859 1614 940 1655 post
972 1610 1141 1655 aspectus
1169 1623 1246 1645 eam
1278 1622 1397 1646 uocem
1422 1612 1548 1646 melius

198 1659 314 1693 'inseri
337 1660 518 1700 existimes
591 1658 813 1692 infirmiores
835 1672 860 1691 π
887 1658 1068 1693 firmiores
1090 1672 1112 1692 α
1138 1658 1402 1693 formidiliores
1420 1659 1448 1703 Q
1475 1658 1547 1693 for-

199 1703 398 1752 midolo¹res
427 1718 596 1760 (alterum
628 1720 659 1751 et
691 1718 834 1751 tertium
861 1728 881 1751 0
914 1718 955 1751 in
980 1718 1001 1751 l.
1030 1729 1076 1752 er.
1104 1730 1126 1752 α
1152 1722 1198 1760 2,·
1230 1719 1312 1752 item
1345 1717 1368 1751 si
1399 1730 1421 1752 α
1447 1722 1488 1760 2)
1513 1717 1548 1751 L

197 1764 512 1800 founidolosior'es
533 1765 643 1808 uulgo
766 1768 785 1798 6
813 1766 878 1798 aut
909 1764 1040 1817 fugent
1066 1765 1128 1798 δΡ
1158 1766 1222 1799 aut
1248 1765 1392 1808 fug-ient
1417 1767 1456 1798 Π
1484 1767 1548 1800 aut

198 1812 343 1857 fugiant
363 1825 386 1845 α
407 1814 447 1845 ui
468 1811 613 1856 fugiant
632 1811 664 1844 L
684 1813 725 1845 ut
751 1812 896 1855 fugiant
920 1811 949 1856 Q
1022 1811 1218 1847 inimicorfi
1237 1813 1296 1847 51²
1353 1811 1433 1847 CAP.
1450 1812 1546 1846 XIII.

273 1864 311 1893 11
329 1858 524 1904 auxilium]
541 1859 658 1893 telum
673 1859 748 1893 Ser.
818 1859 946 1903 captes
957 1860 1017 1893 δΡ
1026 1859 1147 1904 captis
1160 1862 1198 1894 H
1217 1858 1368 1904 capiare
1423 1862 1463 1893 13
1487 1860 1547 1894 ob-

199 1906 377 1952 nitentes]
408 1906 620 1950 optinentes
642 1908 681 1940 Π
712 1906 980 1942 0b3nitentes
1012 1907 1042 1940 V
1122 1910 1163 1940 14
1190 1906 1212 1940 s.
1240 1908 1278 1941 et
1310 1918 1337 1940 o.
1366 1908 1476 1950 uulgjo

202 1958 243 1987 16
265 1954 425 1999 [aspera]
448 1953 707 1997 inaequalibus
723 1956 761 1987 H
822 1958 863 1988 19
885 1953 1057 1997 equidem
1078 1955 1187 1999 zczclqo
1256 1953 1337 1987 CAP.
1360 1953 1474 1988 XIIII.

199 2005 243 2035 24
265 2001 434 2035 eluditH
486 2002 673 2035 momento
696 2002 754 2046 eo]
777 2000 900 2035 omnia
920 2003 937 2034 λ
997 2012 1068 2045 quo
1091 2001 1151 2035 Gn
1178 2001 1276 2045 quod
1296 2014 1319 2034 α
1359 2001 1506 2045 quando
1529 2003 1546 2035 λ

223 2061 256 2095 S.
282 2053 317 2094 L.
370 2065 388 2094 2
411 2060 617 2105 confundit]
641 2060 843 2094 contundet
863 2073 884 2093 a>
956 2063 975 2093 3
998 2060 1167 2105 dimices]
1191 2058 1337 2094 dimicis
1353 2073 1376 2092 α
1446 2063 1465 2094 5
1487 2070 1545 2094 oc-

197 2108 368 2142 cansione
396 2108 441 2153 A
481 2107 712 2151 (hoccasione
740 2107 786 2151 G)
819 2107 1047 2141 occasionem
1076 2109 1113 2140 Π
1210 2111 1227 2142 7
1255 2106 1334 2152 usu]
1362 2106 1424 2141 uso
1451 2119 1475 2140 οι

199 2154 280 2189 CAP.
304 2154 399 2189 XIII
454 2158 495 2189 10
516 2154 706 2199 possedere
722 2155 769 2199 A
828 2158 868 2188 12
891 2154 1090 2199 subiectos]
1112 2153 1297 2189 subiectus
1312 2154 1357 2198 A1
1429 2158 1470 2188 13
1492 2154 1546 2188 di-

198 2202 287 2237 scen
286 2203 374 2236 lunt
389 2198 421 2235 α’
477 2206 519 2236 14
516 2167 652 2246 pcliuo]
675 2200 819 2236 cliboA
836 2201 893 2246 ely
885 2201 943 2235 bo
962 2202 1009 2235 11
1051 2202 1171 2245 dupex
1187 2202 1234 2235 M
1281 2204 1321 2234 17
1339 2200 1543 2246 equitibus]

199 2249 299 2292 equit
304 2249 426 2283 atibul
442 2249 711 2293 (aequitatibus
723 2249 788 2293 M)
806 2261 820 2283 ε
877 2252 917 2282 18
939 2248 1105 2309 quaeris]
1122 2260 1167 2292 qu
1195 2248 1351 2293 pfflisA
1412 2253 1452 2283 19
1469 2248 1545 2282 edi-

198 2307 298 2331 cloia
313 2297 361 2330 M
406 2296 612 2340 patentiam
627 2297 671 2330 1
725 2300 768 2330 00
790 2295 957 2340 inpedita
975 2295 1028 2329 Ga.
1079 2248 1160 2330 (eti
1183 2261 1293 2330 p.IIII
1343 2274 1388 2330 121
1410 2297 1491 2330 tren
1510 2295 1544 2329 Α

292 2348 335 2377 23
323 2344 517 2379 {adiubat
542 2344 587 2378 Α
688 2348 731 2377 24
759 2342 914 2388 claudit]
942 2343 1090 2377 claudet
1117 2356 1138 2376 α
