1638 2620
215 81 297 122 150
707 81 789 118 Lib.
814 81 895 126 1111,
921 85 977 117 30.
1004 86 1060 118 31.

212 179 323 218 malis
356 179 461 218 nulla
493 185 577 218 arte
615 181 884 232 succurritur3
922 179 1090 231 ideoque
1132 181 1234 220 intra
1274 193 1407 220 muros
1448 187 1556 221 tanto

212 239 323 290 plura
357 239 561 277 condenda
593 244 697 291 sunt,
731 244 920 290 quantum
953 240 1077 278 scitur
1104 239 1308 279 clausurae
1336 246 1492 292 tempus
1517 242 1558 280 in

213 297 463 337 obsidentum
495 303 689 349 potestate
723 299 952 336 consistere.

121 430 341 457 eceptabemm-
476 403 613 442 XXXI.
645 403 860 455 Praecepto
888 405 1102 443 maiestatis
1128 410 1230 457 tuae,
1262 406 1476 456 imperator
1501 407 1557 444 in—

356 464 481 514 uicte,
514 464 717 502 terrestris
749 462 889 514 proelii
921 463 1139 502 rationibus
1172 463 1377 515 absolutis,
1410 464 1560 504 naualis

211 521 302 560 belli
334 521 503 574 residua,
536 528 580 561 ut
611 523 763 575 opinor,
795 528 856 561 est
887 524 1034 574 porti03
1067 522 1114 560 de
1142 523 1255 562 cuius
1288 522 1439 562 artibus
1471 523 1559 562 ideo

212 582 395 632 pauciora
429 580 593 620 dicenda
626 586 729 633 sunt,
762 583 851 632 quia
884 583 960 620 iam
993 581 1142 620 dudum
1174 587 1310 633 pacato
1344 583 1442 621 mari
1470 595 1560 621 cum

212 639 388 678 barbaris
421 639 646 679 nationibus
679 641 808 691 agitur
839 645 1031 679 terrestre
1064 646 1276 680 certamen.

328 699 528 737 Romanus
549 704 680 738 autem
701 699 871 750 populus
891 712 963 751 pro
985 699 1126 738 decore
1155 704 1193 738 et
1218 699 1387 739 utilitate
1413 701 1561 751 magni-

158 769 192 793 10
213 758 360 797 tudinis
400 770 492 796 suae
532 770 610 797 non
648 764 812 809 propter
851 759 1129 797 necessitatem
1170 758 1363 798 tumultus
1396 758 1562 798 alicuius

213 817 376 856 classem
408 816 570 868 parabat
603 830 649 855 ex
677 822 867 870 tempore,
901 817 981 869 sed,
1013 829 1062 855 ne
1096 818 1250 868 quando
1286 819 1562 857 necessitatem

213 877 441 928 sustineret,
474 888 631 927 semper
663 875 801 915 habuit
833 882 1115 928 praeparatam.
1166 877 1289 916 Nemo
1323 878 1426 915 enim
1460 876 1561 916 bello

212 935 406 974 lacessere
446 941 513 974 aut
551 937 679 974 facere
718 936 836 974 audet
868 937 1052 974 iniuriam
1085 937 1121 974 ei
1154 948 1275 987 regno
1309 936 1374 975 uel
1405 936 1562 989 populo,

212 1006 329 1045 quem
370 994 596 1046 expeditum
636 999 674 1033 et
711 1000 939 1046 promptum
977 994 1023 1032 ad
1062 995 1326 1034 resistendum
1360 994 1563 1034 uindican-

160 1063 192 1090 15
213 1054 385 1104 dumque
414 1055 627 1104 cognoscit.
677 1053 790 1104 Apud
811 1053 1005 1092 Misenum
1031 1054 1152 1104 igitur
1178 1060 1218 1092 et
1237 1053 1465 1093 Rauennam
1486 1055 1563 1092 sin-

212 1112 324 1164 gulae
358 1112 532 1163 legiones
566 1125 654 1151 cum
688 1112 879 1151 classibus
913 1112 1084 1164 stabant,
1117 1125 1166 1151 ne
1199 1113 1355 1164 longius
1388 1125 1407 1151 a
1440 1112 1564 1152 tutela

214 1171 322 1210 urhis
343 1171 603 1210 abscederent
624 1177 674 1223 ct,
701 1184 791 1209 cum
812 1173 910 1210 ratio
938 1171 1191 1224 postulasset,
1218 1174 1302 1211 sine
1329 1184 1450 1224 mora,
1478 1173 1563 1210 sine

214 1232 383 1269 circuitu
410 1230 457 1269 ad
485 1243 621 1269 omnes
649 1230 784 1269 mundi
811 1236 943 1282 partes
971 1232 1128 1282 nauigio
1154 1233 1424 1283 peruenirent.
1466 1230 1563 1270 Nam

214 1289 463 1328 Misenatium
491 1289 626 1328 classis
658 1289 820 1327 Galliam
851 1289 1056 1341 Hispanias
1084 1290 1366 1330 Mauretaniam
1392 1289 1564 1329 Africam

160 1360 193 1384 20
213 1349 431 1400 Aegyptum
466 1348 685 1387 Sardiniam
724 1354 840 1399 atque
875 1348 1047 1387 Siciliam
1087 1349 1255 1388 hahebat
1295 1351 1334 1388 in
1373 1350 1564 1400 proximo.

213 1407 357 1446 Classis
396 1413 525 1446 autem
565 1408 853 1447 Rauennatium
892 1407 1031 1459 Epiros
1072 1408 1340 1447 Macedoniam
1381 1408 1565 1446 Achaiam

213 1466 495 1518 Propontidem
527 1467 697 1506 Pontum
725 1466 928 1505 Orientem
955 1466 1109 1505 Cretam
1138 1467 1310 1519 Cyprum
1342 1472 1479 1518 petere
1509 1467 1564 1506 di-

237 1557 277 1590 V.
306 1557 346 1591 L.
404 1561 423 1591 2
450 1559 630 1600 quantum
657 1557 765 1602 Laws]
792 1559 931 1600 quanto
957 1557 985 1591 Ο
1082 1556 1271 1591 clausurae
1297 1557 1463 1602 tempus]
1492 1557 1566 1591 cla-

212 1603 293 1638 sura
318 1606 356 1639 et
381 1604 529 1649 tenipus
551 1607 588 1638 Π
678 1609 698 1638 3
726 1603 958 1639 obndentum
985 1604 1137 1639 AHVP
1159 1603 1400 1639 obsidendum
1423 1604 1469 1650 Gl
1501 1605 1566 1639 ob-

325 1655 337 1677 t

212 1686 366 1731 fidendi}
393 1687 442 1721 M
469 1687 714 1722 obsidentium
741 1688 850 1733 ‚QDG2
950 1688 1014 1721 hoc
1040 1688 1159 1731 capite
1184 1687 1318 1722 desinit
1343 1686 1382 1721 D

309 1734 390 1769 Cn».
418 1734 548 1770 XXXI.
630 1736 688 1770 Ab
720 1737 784 1770 hoc
815 1735 933 1778 capite
964 1735 1024 1769 lib.
1067 1734 1107 1770 V.
1134 1735 1235 1778 apud
1270 1734 1497 1769 Scriuerimn
1535 1738 1568 1769 et

213 1781 367 1816 ›Seleu-eb.
395 1783 528 1826 'incipit
627 1786 668 1816 11
696 1783 867 1827 parabat]
900 1782 1086 1826 parabant
1112 1794 1127 1816 ε
1253 1785 1295 1816 15
1322 1781 1502 1816 misenum
1530 1783 1566 1815 Π

214 1828 384 1864 miserum
408 1829 441 1862 V
463 1829 658 1864 missenum
685 1830 748 1875 μΡ
769 1829 969 1864 messenum
998 1829 1030 1864 G
1055 1828 1283 1863 messaenum
1302 1828 1338 1863 A
1399 1832 1441 1863 19
1462 1828 1566 1863 mise-

213 1876 357 1911 natium
384 1876 464 1910 HV
485 1877 741 1912 misinantium
762 1876 834 1921 oc'Q
860 1876 1130 1911 missinautium
1149 1876 1221 1910 LP
1242 1876 1509 1911 mesenantium
1534 1875 1568 1910 G

261 1923 548 1970 mauretaniam]
578 1924 843 1959 mauritaniam
873 1924 901 1957 O
951 1928 994 1958 21
1022 1923 1282 1958 rauennatium
1308 1923 1341 1957 V
1363 1933 1566 1958 rauennan-

214 1971 308 2005 tium
336 1972 686 2015 (rauennanantium
711 1973 758 2017 L)
787 1971 881 2006 εΠΡ
952 1971 1075 2015 epiros
1097 1983 1112 2005 ε
1142 1982 1295 2015 epyrum
1322 1971 1392 2005 VP
1414 1970 1516 2015 piras
1531 1973 1569 2004 H

216 2018 341 2063 epiron
368 2019 479 2063 uulgo
507 2023 591 2054 ante
617 2019 731 2054 Schw.
831 2022 874 2052 22
902 2020 1042 2053 cretam
1069 2019 1204 2054 lacuna
1233 2019 1361 2063 patere
1389 2017 1455 2051 dir.
1484 2019 1523 2051 H

241 2113 275 2149 S.
302 2114 343 2148 L.
420 2113 501 2148 CAP.
529 2113 659 2148 XXXI.
712 2117 731 2148 5
758 2113 892 2157 proelii
918 2114 963 2159 r.]
992 2111 1146 2158 proeliis
1161 2125 1188 2148 r.
1204 2112 1254 2147 M
1300 2117 1318 2147 7
1344 2112 1567 2156 pautioraA

311 2160 415 2206 quia]
444 2160 506 2205 qui
532 2160 580 2205 Al
698 2164 717 2195 8
744 2160 934 2207 terrestre]
962 2160 1113 2195 terestre
1140 2160 1189 2194 M
1217 2159 1410 2194 terrestrae
1437 2159 1471 2193 A

218 2236 258 2265 11
287 2231 454 2277 classem]
477 2209 638 2266 clatrisem
667 2232 716 2265 M
802 2236 842 2266 13
870 2231 1060 2276 lacessere]
1088 2230 1268 2266 lacescere
1297 2231 1346 2264 M
1421 2234 1464 2265 21
1493 2241 1563 2265 ma-

215 2279 436 2314 chedoniam
463 2292 487 2323 μ
513 2279 575 2322 (Ρ)
679 2282 723 2312 22
751 2278 894 2314 directa
918 2278 1176 2323 nauigatione]
1205 2278 1383 2313 directam
1409 2279 1499 2322 (-am
1522 2288 1568 2326 px

216 2337 293 2359 —um
320 2337 411 2361 corr.
440 2326 496 2370 M)
524 2325 805 2371 nauigationem
831 2322 863 2360 α’
