1638 2620
672 130 872 167 Praefatio.
1341 131 1445 166 VIIII

102 231 302 272 accideret,
328 229 483 272 Seeckii,
515 241 611 277 quae
643 225 703 267 ‘de
736 230 877 278 Veyetii
909 225 1050 268 aetate'
1084 231 1125 267 in
1150 230 1320 268 Hermae
1351 234 1447 269 tomo

103 289 169 327 XI
189 283 394 340 (a.1876)
418 299 460 335 p.
484 288 655 326 61—83
690 291 790 326 extat
820 290 919 337 typis
957 290 1165 336 exscripta,
1198 290 1448 328 subtilissima

100 348 172 386 illa
203 348 469 395 disceptatione
501 348 743 384 commissum
769 351 832 391 est,
865 360 942 395 qua
965 349 1026 385 vir
1058 348 1298 385 doctissimus
1329 351 1362 385 et
1390 350 1448 386 in-

97 407 387 454 qeniosissimus
419 406 618 443 luculentis
642 407 853 444 maximam
876 409 1044 453 partem,
1075 409 1118 443 ut
1142 406 1236 444 milii
1260 407 1447 450 videntur,

101 466 335 513 aryumentis
377 465 669 507 demonstrauit,
713 465 998 511 imperatorem,
1037 465 1081 502 de
1124 476 1196 512 quo
1239 467 1448 512 quaeritur,

99 535 176 561 non
195 525 317 571 fuisse
338 523 588 561 Theodosium
606 523 810 570 Maynum,
836 524 902 562 sed
928 523 1244 561 Valentinianum
1276 525 1449 569 tertium,-

100 584 141 620 id
185 583 284 630 quod
325 583 406 620 iam
445 581 565 620 Gibbo
611 577 772 633 (history
810 583 856 629 of
891 582 948 618 tlee
986 582 1127 619 decline
1165 585 1227 619 etc.
1268 582 1304 620 V
1335 577 1451 634 190),

100 642 256 679 Richter
288 637 425 693 (‚,Das
455 644 638 678 westrem.
671 640 822 678 Reiclw
846 652 888 687 p.
924 636 1015 691 66),
1053 641 1316 678 lVieterslieim
1355 636 1449 692 (Ge-

100 701 259 738 schiclzte
303 701 370 738 der
415 700 789 746 Vo'llcerwanderuny
831 699 904 736 IV
937 711 980 746 p.
1022 694 1123 749 164)
1174 702 1386 737 statuerant
1406 694 1450 751 ¹).

100 759 201 797 Ecce
244 761 370 796 autem
413 757 641 796 Seeckianae
685 759 1027 805 aryumentationis
1066 769 1237 795 summa:
1274 758 1451 795 Primum

93 819 295 867 princeps,
328 818 373 855 de
410 829 481 864 quo
520 820 573 855 est
602 819 788 864 quaestio,
824 816 1014 854 Occidenti
1041 817 1316 863 ·imperitabat,·
1353 817 1450 854 idem

101 877 307 915 admodum
337 877 489 914 iuuenis
520 879 603 914 erat
635 870 736 928 (III
758 877 811 913 26
846 870 974 927 epil.);
1013 875 1111 913 idem
1142 873 1450 913 innumerabiles

99 936 219 973 urbes
264 934 430 984 perfecit
462 929 510 986 (I
517 935 552 972 V
577 930 699 986 prol.)
745 935 975 981 classemque
1017 935 1059 971 in
1095 933 1278 971 Danubio
1320 933 1453 971 habuit

101 990 192 1046 (IV
219 988 329 1046 fin.)‚·
362 1005 458 1041 quae
495 994 644 1041 quidem
675 995 807 1031 omnia
838 995 880 1031 in
919 992 1002 1031 Val.
1035 992 1119 1029 III
1151 993 1288 1039 optime
1319 992 1452 1029 cadere

101 1057 181 1091 tam
212 1056 390 1091 accurate
421 1065 536 1100 quam
561 1054 646 1099 fuse
678 1054 920 1090 demonstrat.
971 1051 1121 1088 Deinde
1148 1050 1380 1088 Theodosius
1413 1052 1450 1087 in

100 1113 225 1151 Italia
250 1115 326 1150 tres
352 1114 500 1149 tantum
526 1123 648 1150 annos
675 1105 948 1164 (388—391)
974 1112 1152 1148 uersatus
1178 1112 1246 1152 est,
1274 1112 1452 1156 quattuor

102 1174 252 1209 tantum
294 1181 441 1209 menses
483 1183 551 1208 suo
589 1171 741 1208 nomine
778 1171 976 1217 manauit,-
1020 1170 1062 1206 in
1100 1169 1225 1205 eodem
1269 1167 1454 1205 currendi

101 1230 296 1269 uelocitas
327 1224 428 1281 (III
462 1225 565 1281 epil.)
587 1241 612 1267 a
633 1229 782 1276 Veyetio
807 1230 884 1266 nisi
911 1229 1131 1274 ludificante
1157 1230 1225 1264 (tut
1254 1227 1456 1264 cavillante

104 1290 261 1327 laudari
298 1300 375 1326 non
405 1292 568 1336 poterat.
625 1288 800 1334 Denique
840 1288 939 1334 Quod
976 1287 1006 1324 Ι
1036 1287 1089 1324 20
1122 1285 1270 1322 Romae
1302 1297 1336 1323 a.
1370 1286 1455 1322 410

98 1359 171 1396 per
209 1347 351 1386 Gothos
388 1348 528 1385 deletae
564 1348 702 1384 mentio
732 1358 809 1384 non
840 1347 902 1392 fit,
940 1346 981 1383 id
1015 1347 1223 1392 propterea
1259 1344 1364 1381 liaud
1404 1345 1457 1381 ita

103 1408 235 1454 mayni
265 1407 443 1443 momenti
467 1406 683 1444 habendum
713 1408 776 1448 cst,
804 1406 895 1452 quia
922 1405 962 1442 in
987 1406 1097 1441 tanta
1121 1413 1253 1440 rerum
1278 1403 1457 1440 violenter

102 1469 310 1514 qestarum,
332 1468 527 1512 quantam,
554 1475 650 1512 aucte
674 1464 752 1501 illis
783 1465 858 1510 fuit
884 1463 1124 1510 temporibus,
1146 1462 1248 1499 orbis
1267 1464 1459 1498 terrarum

105 1526 216 1572 quasi
248 1525 391 1562 euersio
421 1524 571 1567 habuit,
617 1524 787 1561 cuiusuis
826 1522 1056 1560 calamitatis
1098 1521 1156 1557 vel
1197 1521 1363 1557 maxime
1400 1521 1457 1557 in-

105 1581 228 1632 siynis
259 1584 367 1621 breui
399 1584 651 1631 exstinyuitur
682 1582 876 1619 memoria.

224 1641 387 1689 Scripsit
417 1645 543 1680 autem
583 1641 756 1689 Veqetius
789 1633 1034 1690 epitomam2)
1067 1639 1124 1676 rei
1154 1638 1344 1675 militaris.
1384 1636 1460 1684 Qui

204 1756 236 1798 1)
263 1754 326 1789 Ad
350 1755 415 1789 hoc
439 1764 549 1798 usque
574 1756 713 1797 tempus
746 1752 1003 1787 Valentiniani
1027 1761 1156 1786 nomen
1180 1751 1221 1784 in
1247 1749 1337 1793 ipsis
1363 1749 1458 1783 anti-

108 1802 190 1847 quis
215 1801 398 1837 codicibus
422 1801 658 1845 inscriptioni
683 1800 863 1835 adiectum
884 1802 1007 1833 extare
1033 1799 1157 1842 opinio
1182 1798 1266 1840 fuit.
1299 1796 1352 1831 At
1377 1799 1460 1830 (inte

105 1850 251 1884 tertium
282 1849 457 1883 decimum
488 1848 671 1883 saeculum
703 1847 763 1891 (ef.
789 1847 955 1881 Bandin.
982 1845 1047 1879 IV
1073 1846 1156 1888 175)
1187 1844 1281 1878 illud
1316 1843 1460 1878 addita-

106 1900 263 1931 mentum
288 1896 330 1930 in
356 1895 540 1931 codicibus
565 1895 709 1939 repperi
733 1894 886 1929 nullum.
928 1892 1070 1927 Mirum
1096 1895 1145 1927 est
1170 1892 1264 1936 quod
1290 1891 1331 1924 in
1357 1893 1457 1924 cata-

109 1944 189 1988 loyo
214 1943 549 1987 manuscriptorum
569 1954 592 1976 a
610 1942 741 1976 Librio
766 1943 1016 1984 surreptorum
1036 1939 1167 1983 leyitur
1189 1950 1224 1982 p.
1242 1941 1325 1972 230:
1353 1937 1459 1970 ‘Per-

107 1991 199 2035 haps
224 1991 280 2025 the
304 1990 402 2025 work
426 2001 501 2024 was
526 1989 757 2033 successively
784 1988 971 2023 dedicated
996 1990 1030 2021 to
1057 1987 1138 2021 both
1163 1986 1257 2020 those
1282 1993 1459 2028 emperors

109 2038 297 2083 (Tlieodos.
319 2038 346 2071 I
365 2038 440 2072 and
468 2036 649 2071 Valentin.
666 2036 777 2079 II.)'.
807 2036 847 2079 (J)
885 2035 1133 2079 Moryaynum
1160 2036 1278 2067 autem
1303 2031 1459 2075 epistula

108 2085 319 2120 Aemiliana
352 2084 414 2118 VI
448 2095 475 2120 c.
505 2088 523 2118 7
563 2084 784 2128 argumentis
821 2093 896 2116 non
934 2081 1073 2116 leuibus
1111 2080 1234 2114 allatis
1277 2078 1460 2123 Veyetium

115 2133 195 2167 Val.
212 2132 299 2167 III.
327 2136 393 2166 aut
411 2131 609 2166 Theodosio
634 2140 726 2174 opus
750 2140 856 2165 suum
881 2129 1063 2163 dedicasse
1088 2128 1329 2162 demonstrare
1351 2125 1459 2158 Muc-

109 2180 199 2214 ciolo
231 2180 273 2214 in
297 2179 462 2225 cataloyo
494 2179 576 2213 bibl.
600 2181 752 2222 patrum
778 2177 969 2211 Illinorum
997 2175 1174 2210 Caesenae
1204 2176 1292 2208 nota
1322 2171 1458 2216 margi·

112 2227 194 2262 nali
219 2227 268 2261 ad
289 2227 339 2270 pl.
370 2229 412 2260 19
441 2225 525 2261 God.
553 2229 573 2259 5
599 2228 725 2259 monet.

207 2274 241 2318 2)
279 2272 400 2318 ‘Quod
419 2275 531 2317 putat
555 2272 736 2306 Barthius
765 2270 945 2305 XXVII
968 2270 1123 2304 Aduers.
1150 2271 1182 2302 et
1214 2267 1305 2302 alibi
1330 2265 1461 2309 Epito-

110 2332 190 2356 men
228 2324 371 2355 tantum
411 2321 586 2355 librorum
619 2319 756 2364 Veyetii
795 2322 899 2362 atque
932 2317 1018 2351 adeo
1050 2315 1245 2360 Epitomen
1276 2313 1463 2357 Epitomes

115 2368 221 2403 hodie
252 2378 449 2413 superesse,
480 2368 602 2402 minus
633 2366 829 2401 uerisimile
859 2365 1014 2400 uidetur.
1065 2363 1118 2398 Et
1142 2362 1260 2398 nescio
1291 2359 1464 2405 quomodo
