1638 2620
126 762 159 786 10

180 123 263 164 138
675 122 754 157 Lib.
781 121 861 165 ΠΗ,
892 126 946 157 15.
976 125 1029 157 16.

178 221 287 261 ribus
320 222 500 261 machina
533 219 757 272 colligatur,
795 220 870 259 lata
903 219 1069 271 pedibus
1102 225 1209 271 oct0‚
1248 219 1322 258 alta
1360 219 1527 271 pedibus

177 287 347 333 septem,
380 281 493 331 longa
526 278 693 331 pedibus
727 279 910 318 sedecim.
967 279 1093 317 Huius
1126 284 1274 317 tectum
1309 280 1526 318 munitione

177 340 326 391 duplici
364 339 549 378 tabulatis
591 337 846 389 cratibusque
893 339 1128 377 contexitur.
1185 337 1324 376 Latera
1370 350 1527 389 quoque

178 400 325 438 uimine
359 399 610 449 saepiuntur,
642 409 692 435 ne
726 408 910 436 saxorum
942 397 1194 448 telorumque
1228 397 1378 448 impetu
1410 409 1528 448 pene-

179 463 348 496 trentur.
404 456 664 495 Extrinsecus
697 460 827 494 autem
839 487 849 508 ⁷
883 468 931 494 ne
964 457 1127 495 inmisso
1161 461 1439 495 concremetur
1471 456 1528 494 in-

179 516 330 568 cendio,
357 516 492 554 crudis
519 527 562 554 ac
589 515 817 553 recentibus
844 516 964 554 coriis
991 514 1055 554 uel
1084 514 1319 553 centonibus
1340 515 1528 566 operitur.

180 575 291 627 Istae,
319 588 408 614 cum
435 575 571 626 plures
598 574 722 612 sactae
750 574 910 626 suerint,
937 575 1156 624 iunguntur
1176 575 1215 612 in
1237 573 1427 623 ordinem,
1455 573 1528 612 sub

179 634 324 685 quibus
368 633 595 672 obsidentes
634 635 710 672 tuti
746 633 791 672 ad
825 633 1052 672 subruenda
1084 645 1290 671 murorum
1323 638 1531 684 penetrant

179 693 443 733 fundamenta.
494 692 623 731 Plutei
655 692 842 731 dicuntur
874 694 943 743 qui
975 692 1021 730 ad
1055 691 1351 730 similitudinem
1384 691 1530 730 absidis

179 758 447 791 contexuntur
474 765 494 790 e
521 753 669 790 uimine
698 757 736 790 et
762 751 899 790 ciliciis
926 751 990 790 uel
1017 752 1135 790 coriis
1162 755 1425 802 proteguntur
1452 755 1529 789 ter·

179 812 319 863 nisque
353 811 511 863 rotulis,
551 823 719 862 quarum
751 823 827 849 una
860 812 898 849 in
934 810 1079 861 medio,
1119 809 1217 848 duae
1256 811 1296 848 in
1337 809 1530 861 capitibus

179 876 443 922 apponuntur,
470 872 510 908 in
537 882 785 921 quacumque
813 874 923 921 parte
945 869 1119 908 uolueris
1140 869 1401 909 admouentur
1421 881 1530 907 more

179 931 375 981 carpenti3
405 942 503 980 quos
530 929 758 968 obsidentes
785 929 981 980 applicant
1001 929 1137 979 muris,
1165 940 1381 979 eorumque
1402 929 1528 966 muni-

179 990 285 1027 tione
318 990 487 1040 protecti
521 989 672 1040 sagittis
706 989 790 1026 siue
824 988 956 1026 fundis
996 987 1060 1026 uel
1098 986 1356 1026 missibilibus
1398 986 1529 1025 defen-

143 1058 158 1082 5
180 1060 290 1086 sores
318 1060 454 1086 omnes
482 1048 529 1086 de
555 1047 863 1099 propugnaculis
890 1048 1062 1085 ciuitatis
1090 1045 1312 1098 exturbant,
1345 1052 1389 1085 ut
1415 1045 1530 1084 scalis

179 1106 418 1146 ascendendi
439 1106 590 1145 facilior
611 1111 836 1157 praestetur
857 1107 1022 1144 occasio.
1055 1105 1184 1156 Agger
1204 1111 1335 1144 autem
1356 1118 1403 1144 ex
1423 1111 1528 1144 terra

179 1166 375 1217 lignisque
409 1166 610 1204 extollitur
642 1170 779 1204 contra
813 1177 990 1216 murum,
1023 1165 1070 1203 de
1105 1177 1181 1215 quo
1215 1164 1290 1203 tela
1323 1166 1530 1203 iactantur.

99 1248 109 1261 r
156 1239 262 1260 usculis.
443 1223 540 1263 XVI.
566 1224 766 1263 Musculos
793 1223 929 1262 dicunt
954 1225 1127 1262 minores
1148 1223 1359 1271 machinas,
1388 1223 1532 1274 quibus

179 1285 348 1336 protecti
368 1284 579 1322 bellatores
601 1283 782 1322 sudatum
799 1284 984 1322 auserunt
999 1284 1187 1334 ciuitatis3
1209 1283 1399 1321 fossatum
1415 1284 1532 1321 etiam

202 1363 246 1397 V.
273 1362 311 1398 L.
410 1362 485 1397 tias
508 1363 543 1397 P
572 1361 717 1396 cautius
739 1364 778 1396 H
807 1361 951 1403 cautib3
984 1360 1173 1406 (cautibus
1195 1361 1242 1405 G)
1271 1373 1286 1396 ε
1314 1360 1435 1396 cattos
1456 1361 1530 1396 Ed.

178 1411 321 1446 Booten.
349 1409 503 1454 Lipsius
533 1409 611 1445 Pol.
640 1410 676 1451 Ι,
706 1412 728 1445 7
761 1409 885 1455 Veraz'o
918 1409 1139 1444 Germanica
1163 1412 1277 1450 1511‚·
1320 1408 1532 1443 Vincentius

178 1458 450 1493 Bellouacensis
482 1458 577 1492 hunc
609 1458 724 1492 locum
756 1457 947 1500 exscripsit
987 1455 1137 1490 ‘uineas
1169 1456 1340 1490 dixerunt
1377 1455 1530 1499 ueteres,

178 1505 271 1549 quas
286 1516 382 1540 nunc
402 1504 613 1539 cautibulas
629 1503 724 1538 alias
746 1504 897 1539 chartos
918 1503 1089 1548 (cattoff)
1111 1503 1278 1545 uocant';
1301 1503 1531 1548 Oudendorp.

178 1556 244 1587 aut
270 1553 461 1596 uulyatam
481 1555 655 1586 retentam
676 1555 741 1586 aut
772 1550 984 1585 cautibulas
1010 1552 1185 1595 scriptum
1218 1552 1318 1594 uult;
1344 1550 1531 1586 Sclzwebcl.

179 1599 303 1634 cattos
319 1600 479 1644 probare
504 1600 651 1633 uidctm·
678 1598 825 1633 hausias
848 1598 956 1634 Frid.
984 1598 1095 1633 Ilffonc
1115 1599 1310 1643 proposuit
1410 1602 1426 1632 1
1454 1598 1532 1632 lata

180 1648 262 1691 ped.
291 1648 374 1681 octo
401 1647 480 1681 alta
505 1646 581 1681 Α’ττ
607 1646 687 1681 lata
715 1646 767 1690 [p.
795 1657 826 1679 o.
855 1646 904 1689 a]
933 1659 957 1690 μ
983 1645 1061 1680 alta
1086 1646 1170 1690 ped.
1199 1657 1231 1680 o.
1259 1646 1339 1680 lata
1361 1645 1473 1690 uulyo

178 1699 198 1728 2
227 1694 408 1728 sexdecim
435 1695 546 1738 uulyo
643 1697 663 1728 3
690 1692 831 1727 tabulis
853 1693 913 1727 δΡ
942 1693 1098 1728 Sco-iuer.
1215 1697 1236 1727 4
1262 1692 1425 1727 uiminea
1451 1692 1531 1726 MG

178 1740 289 1776 uinea
315 1742 363 1786 Al
394 1740 536 1776 nimina
560 1741 599 1775 D
624 1740 732 1775 uinee
758 1740 808 1785 Α2
868 1743 888 1774 5
915 1741 1196 1775 concrementur
1215 1739 1282 1774 VP
1305 1741 1486 1774 cremetur
1513 1742 1530 1773 7.

177 1791 389 1823 crementur
414 1788 452 1822 D
550 1792 568 1822 7
596 1787 619 1822 1.
647 1787 774 1822 ordine
801 1790 819 1821 λ
923 1791 943 1823 8
971 1787 1199 1833 obsidentes]
1227 1787 1454 1822 subsidentes
1476 1787 1534 1820 §P

247 1835 352 1881 [tuti]
381 1837 420 1870 H
504 1839 523 1870 9
550 1834 709 1881 absidis]
737 1834 836 1869 sudis
858 1836 897 1868 H
970 1839 1013 1870 10
1041 1835 1093 1881 [e]
1121 1834 1261 1869 uimine
1287 1837 1326 1868 H
1400 1837 1442 1868 12
1469 1834 1531 1868 ad-

178 1886 369 1928 ponuntur
393 1883 432 1917 D
458 1883 697 1927 opponuntur
723 1882 822 1927 (obp.
850 1882 902 1926 P)
929 1882 1028 1917 fflP
1099 1882 1154 1927 in]
1183 1884 1220 1917 et
1245 1882 1283 1916 in
1309 1884 1348 1915 H
1444 1893 1533 1925 qua-

178 1941 337 1974 cumque
357 1931 504 1974 partem
523 1933 541 1964 λ
563 1940 834 1974 quamcumque
857 1931 1001 1974 partem
1027 1930 1063 1963 P
1136 1933 1177 1964 13
1200 1929 1308 1975 quos]
1332 1929 1431 1972 quod
1450 1928 1529 1974 21¹4

179 1977 509 2060 {titfffifflt'ffstqff
535 1978 607 2059 gi}
644 1976 1533 2059 xxffbfiitffliiffslffaust311ffiiffffssiissgaii⁷'{i1ffgi'

178 2074 267 2106 runt
293 2073 340 2117 P2
370 2074 411 2106 in
438 2074 459 2107 ἶ.
487 2083 534 2106 cr.
568 2071 595 2106 si
621 2072 703 2106 lutfi
731 2071 871 2106 offuent
906 2072 939 2105 V
967 2071 996 2105 si
1026 2071 1108 2105 lutfi
1141 2070 1302 2105 obfuerit
1327 2071 1365 2104 D
1399 2074 1430 2105 et
1455 2071 1532 2105 sine

179 2120 290 2154 dubio
311 2120 355 2164 P1
386 2119 555 2155 sudetum
580 2119 754 2153 auferunt
773 2118 927 2163 Lipsius
948 2119 1007 2161 (R.
1025 2119 1108 2153 Mil.
1131 2118 1173 2162 V,
1194 2121 1230 2163 5)
1256 2118 1411 2152 uelatum
1431 2117 1531 2152 aufe-

179 2168 266 2201 runt
291 2170 373 2201 teste
399 2168 451 2203 St.
478 2166 598 2201 Ianus
626 2167 832 2201 Palmwins
934 2165 1107 2201 ciuitates
1111 2165 1153 2211 [ς]
1182 2167 1220 2199 Π
1243 2164 1408 2208 ciuitati;
1438 2164 1530 2199 Qud.

180 2213 364 2256 3ciuitatis
388 2214 431 2260 [ς]
459 2215 570 2260 uttlyo

205 2284 239 2318 S.
267 2285 306 2318 L.
384 2289 403 2319 5
430 2284 589 2319 immisso
616 2287 656 2318 H
726 2288 746 2319 8
773 2284 861 2329 tuti]
888 2284 960 2319 toti
986 2283 1021 2318 α’
1097 2288 1117 2319 9
1143 2283 1279 2329 plutei]
1308 2282 1410 2327 putei
1436 2283 1471 2316 α’

183 2335 225 2365 10
252 2331 380 2377 coriis]
410 2331 506 2366 coris
527 2332 576 2366 M
631 2336 673 2366 12
701 2331 961 2377 admouentur]
991 2333 1251 2366 ammouentur
1278 2333 1313 2365 H
1374 2334 1415 2365 15
1444 2328 1532 2364 ciui-

178 2378 289 2420 tatis]
316 2378 491 2415 ciuitates
513 2392 537 2413 α
637 2382 680 2414 16
707 2379 838 2425 agger]
867 2390 956 2424 ager
981 2379 1030 2424 Al
