1638 2620
128 754 161 779 10

185 109 267 150 124
731 112 809 148 Lib.
835 112 899 156 ΙΙΙ,
925 116 981 148 26.

182 209 358 248 facturus
385 211 451 263 sis,
477 222 565 249 cum
593 211 841 261 paucissimis
868 223 912 250 ac
938 210 1176 251 fidelissimis
1203 212 1267 251 uel
1293 214 1425 264 potius
1444 215 1529 265 ipse

182 274 324 307 tecum.

299 326 442 366 Milites
474 329 593 366 timor
626 334 665 366 et
691 340 818 379 poena
843 330 883 367 in
911 329 1071 368 sedibus
1099 331 1274 382 corrigit,
1306 331 1346 370 in
1373 330 1530 382 expedi-

182 387 288 424 tione
321 398 411 437 spes
444 398 488 424 ac
520 388 693 437 praemia
727 387 876 427 faciunt
908 387 1104 428 meliores.

300 444 397 483 Boni
438 445 559 484 duces
591 445 750 497 publico
784 449 997 485 certamine
1030 459 1245 498 numquam
1279 449 1354 487 nisi
1386 460 1433 487 ex
1465 460 1530 487 oc-

181 505 338 542 casione
372 509 438 543 aut
471 505 589 543 nimia
622 507 857 545 necessitate
890 506 1117 557 confligunt.

300 562 437 614 Magna
487 563 692 614 dispositio
741 570 801 603 est
844 564 997 603 hostem
1043 565 1144 603 same
1191 567 1314 616 magis
1359 577 1530 617 urguere

181 634 297 673 quam
330 622 447 661 ferro.

301 680 387 726 Quo
413 693 559 732 genere
586 681 884 734 depugnaturus
917 684 982 735 sis,
1008 684 1187 722 nesciant
1213 682 1358 735 hostes,
1390 695 1438 721 ne
1466 682 1531 721 ali—

182 739 326 790 quibus
359 740 545 779 remediis
577 741 772 781 obsistere
806 741 1047 792 moliantur]

300 845 354 884 De
388 848 566 897 equitatu
594 854 687 887 sunt
712 848 833 887 multa
860 854 1087 901 praecepta;
1120 848 1188 887 sed
1209 860 1299 887 cum
1319 847 1414 887 haec
1441 859 1532 899 pars

182 903 340 943 militiae
367 917 443 944 usu
471 909 661 959 exercitii,
694 919 893 946 armorum
920 919 1077 958 genere,
1110 920 1304 958 equorum
1330 906 1532 946 nobilitate

180 963 406 1017 profecerit,
427 978 474 1003 ex
494 965 606 1004 libris
628 966 723 1005 nihil
744 966 914 1005 arbitror
935 966 1211 1019 colligendum,
1233 979 1322 1005 cum
1343 977 1532 1017 praesens

181 1022 358 1061 doctrina
391 1024 570 1064 sufficiat.

299 1129 457 1180 Digesta
481 1136 586 1183 sunt,
618 1132 832 1182 imperator
859 1132 1019 1184 inuicte,
1053 1143 1152 1182 quae
1179 1130 1414 1169 nobilissimi
1440 1142 1532 1170 auc·

180 1195 287 1227 tores
336 1189 506 1228 diuersis
545 1189 708 1241 probata
759 1190 1005 1241 temporibus
1051 1202 1122 1241 per
1167 1192 1530 1241 experimentorum

180 1248 296 1286 sidem
336 1250 547 1287 memoriae
587 1249 863 1301 prodiderunt,
911 1256 954 1288 ut
995 1249 1042 1288 ad
1088 1250 1270 1301 peritiam
1310 1248 1532 1301 sagittandi,

180 1319 297 1358 quam
329 1308 370 1345 in
403 1309 614 1347 serenitate
648 1313 716 1347 tua
742 1308 862 1347 Persa
888 1310 1066 1360 miratur,
1101 1308 1148 1347 ad
1175 1308 1379 1359 equitandi
1405 1310 1531 1346 scien-

179 1367 274 1404 tiam
300 1365 365 1405 uel
392 1366 588 1419 decorem,
617 1379 714 1418 quae
736 1367 971 1406 Hunnorum
992 1367 1285 1418 Alanorumque
1310 1368 1414 1406 natio
1436 1366 1532 1406 uelit

127 1443 141 1466 2
180 1426 336 1477 imitari,
364 1427 397 1464 si
424 1428 560 1478 possit,
588 1426 634 1464 ad
662 1427 849 1466 currendi
877 1427 1139 1478 uelocitatem,
1166 1438 1282 1477 quam
1311 1426 1532 1465 Saracenus

203 1539 246 1574 V.
262 1540 299 1574 L.
354 1544 370 1572 1
399 1540 465 1585 sis]
494 1518 569 1574 01³²
591 1541 630 1574 H
676 1541 735 1586 ac]
763 1541 900 1575 uelaP
944 1540 1164 1575 fidissimisn
1213 1544 1234 1575 3
1254 1552 1289 1584 p.
1312 1541 1393 1576 ett.
1420 1540 1533 1585 uulyo

251 1588 442 1632 corrigunt
467 1589 578 1631 uulyo
652 1588 949 1632 expeditionibus
970 1588 1007 1622 P
1080 1592 1102 1622 4
1128 1599 1171 1623 ac
1197 1587 1355 1634 praem]
1382 1587 1430 1622 ad
1455 1587 1533 1632 plia

179 1635 313 1679 (prelia
340 1635 383 1680 Q)
410 1637 428 1668 λ
528 1639 546 1669 7
574 1635 696 1679 magis
716 1636 814 1670 fame
842 1637 881 1669 H
982 1646 1113 1680 urgere
1139 1648 1167 1669 π
1275 1639 1315 1669 11
1347 1634 1532 1670 Gommata

179 1682 232 1716 De
260 1682 429 1726 equitatu
445 1703 488 1707 -
503 1682 661 1716 sufficiat
686 1686 717 1717 et
739 1683 817 1725 Quo
833 1704 877 1708 ——
892 1683 1093 1718 moliantur
1111 1683 1285 1719 suadente
1304 1693 1377 1718 uno
1397 1683 1472 1717 eod.
1495 1683 1536 1716 H

181 1731 403 1774 transposui.
439 1730 543 1775 Quod
563 1740 682 1764 onmes
706 1731 772 1765 has
794 1731 939 1775 rcyulas
959 1743 982 1764 a
1004 1730 1036 1764 V
1035 1731 1145 1775 eyetio
1164 1730 1393 1772 abiuclieaui,
1418 1740 1532 1773 nemo,

177 1787 293 1820 spero,
321 1778 505 1812 dissentiet
556 1780 599 1810 12
620 1777 787 1812 exercitii
801 1778 863 1812 aP
882 1778 1058 1813 exercitui
1074 1790 1089 1812 ε
1112 1776 1284 1812 exercitio
1300 1778 1340 1811 H
1385 1781 1427 1811 16
1447 1787 1530 1821 pro-

178 1825 266 1859 bato
289 1824 522 1869 temporibus
541 1823 717 1859 exercitio
741 1836 806 1869 per
828 1827 847 1858 λ
898 1824 1087 1870 [probata]
1105 1826 1128 1858 ὃ
1179 1828 1219 1859 17
1237 1834 1312 1869 sag.
1329 1835 1404 1869 per.
1420 1825 1531 1869 uulyo

276 1875 317 1906 19
344 1883 440 1915 quea
466 1873 551 1916 (que
579 1874 634 1917 H)
658 1885 684 1906 π
711 1884 751 1916 (1;
774 1872 808 1906 α’
836 1884 947 1916 quam
975 1873 1008 1907 G
1035 1872 1105 1918 [q.]
1131 1872 1200 1916 λΡ
1263 1871 1472 1906 hunnorum
1493 1873 1533 1905 H

178 1943 361 1978 hunorum
394 1927 589 1988 (bunorem
622 1943 669 1987 L)
703 1944 785 1978 λδΡ
808 1955 965 1978 unorum
998 1957 1021 1977 α
1048 1921 1228 1978 hunorum
1257 1941 1290 1977 G
1427 1942 1530 1977 hala-

178 2001 307 2024 nolum
334 1991 356 2024 δ
452 1991 568 2026 uellet
594 1991 654 2025 δΡ
747 1995 792 2025 20
819 1990 862 2035 si]
890 1991 914 2024 fi
940 1991 990 2029 Α
1020 1992 1043 2024 ι’.
1065 1991 1087 2025 Ζ.
1108 2001 1154 2025 er
1253 1989 1371 2034 posset
1396 1990 1457 2024 δΡ

177 2036 371 2072 lai-acenus
391 2038 506 2072 HVP
528 2038 743 2073 sarracenus
771 2038 845 2082 (-0s
866 2038 913 2081 L)
941 2030 1000 2072 sD

203 2120 235 2154 S.
264 2120 303 2154 L.
368 2124 388 2155 3
414 2121 551 2166 poena]
580 2131 675 2165 pena
702 2121 784 2156 MH
843 2120 1007 2166 sedibus]
1035 2119 1204 2155 rediebus
1219 2119 1268 2154 M
1290 2119 1394 2162 (Par.
1417 2122 1531 2162 6503)

238 2168 401 2212 corriget
425 2167 531 2213 ΑμΠ
590 2173 609 2202 5
636 2168 853 2203 ¹soccasione
879 2168 916 2203 A
983 2172 1002 2203 9
1029 2168 1117 2213 quo]
1145 2166 1245 2210 quod
1272 2167 1312 2200 H
1378 2170 1419 2200 12
1446 2166 1527 2212 usu]

179 2215 280 2248 usum
307 2227 323 2249 ε
383 2219 424 2250 13
451 2215 666 2261 profecerit]
696 2215 886 2260 proficerit
911 2216 973 2260 Αμ
1000 2214 1225 2260 profecerint
1251 2216 1289 2248 H
1335 2213 1526 2259 praesens]

174 2261 331 2306 phensus
354 2262 570 2307 (prehensus
583 2262 629 2307 G)
645 2263 692 2308 Al
749 2267 791 2298 15
820 2262 977 2307 digesta]
1001 2261 1152 2306 degesta
1166 2261 1211 2295 A'
1263 2260 1528 2296 nouilissimiA

274 2313 315 2344 17
343 2310 534 2356 peritiam]
562 2309 699 2354 peritia
725 2312 760 2344 α’
861 2314 904 2345 19
931 2308 1118 2355 decorem]
1152 2309 1354 2353 dequorem
1379 2309 1429 2355 A1

177 2360 220 2391 20
248 2357 434 2403 currendi]
462 2358 614 2393 curendi
639 2359 687 2403 A1
