1638 2620
174 119 257 161 136
628 118 708 153 Lib.
735 117 814 161 1111,
843 121 897 152 10.
926 121 981 153 11.
1009 121 1062 153 12.

171 218 340 270 publicis
367 218 556 257 aedificiis
583 216 797 267 multisque
824 217 990 267 priuatis
1017 217 1211 255 cisternae
1239 221 1331 255 sunt
1357 216 1517 269 diligen-

171 279 322 317 tissime
351 276 651 327 substruendae7
678 281 721 314 ut
741 274 991 325 receptacula
1010 277 1123 326 aquis
1142 275 1393 328 pluuialibus,
1420 288 1524 326 quae*

172 337 219 375 de
246 338 362 375 tectis
389 336 568 387 effluunt,
594 339 807 386 praestent.
849 333 1015 372 Difficile
1043 336 1128 373 sitis
1154 336 1264 386 uicit,
1291 335 1359 385 qui
1385 347 1518 385 quam-

165 398 233 453 pis
267 397 405 446 exigua
432 406 531 444 aqua
558 394 604 432 ad
631 399 768 444 potum
795 399 925 432 tamen
951 398 1104 432 tantum
1129 394 1170 432 in
1197 393 1400 432 obsidione
1428 398 1520 432 sunt

29 470 54 491 ss
77 470 146 491 sams
164 469 299 492 defixerint.
314 455 387 492 usi.
449 453 514 491 XI.
548 452 588 491 Si
620 453 815 491 maritima
848 452 898 490 sit
930 453 1068 491 ciuitas
1102 457 1141 491 et
1172 452 1272 491 sales
1311 452 1521 504 defuerint,

171 514 301 564 liquor
340 525 386 551 ex
426 513 525 550 mari
563 516 745 562 sumptus
783 522 853 562 per
892 510 1026 549 alueos
1065 511 1216 562 aliaque
1257 510 1388 562 patula
1427 523 1521 550 uasa

172 572 424 623 diffunditur,
464 572 532 622 qui
571 570 701 609 calore
742 569 836 608 solis
875 569 1042 608 duratur
1080 571 1119 608 in
1155 570 1286 609 salem.
1342 569 1454 615 Quod
1488 571 1524 608 si

171 632 297 670 hostis
318 630 364 669 ab
385 630 489 669 unda
510 629 729 681 prohibeat,
754 641 844 667 nam
864 628 939 667 hoo
960 628 1113 679 accidit,
1140 628 1318 680 harenas,
1339 641 1436 679 quas
1457 641 1520 667 ex-

172 692 335 730 citatum
350 694 469 729 uento
485 701 591 727 mare
607 687 897 740 superfuderat,
918 686 1125 738 aliquando
1148 687 1337 738 eolligunt
1357 693 1396 726 et
1416 687 1523 726 dulei

118 759 152 784 10
172 762 271 801 aqua
299 749 448 799 eluunt,
476 760 574 799 quae
603 747 684 786 sole
711 748 857 785 siccata
876 745 1134 785 nihilominus
1154 752 1328 786 mutatur
1348 747 1389 784 in
1409 746 1522 785 sales.

44 825 111 851 Qum
129 823 285 859 (acaedam,
432 806 513 846 XII.
549 806 726 845 Violenta
756 810 886 844 autem
912 806 1142 856 inpugnatio
1171 805 1324 856 quando
1352 805 1522 844 castellis

29 860 186 905 fiissii'nffiussi'
203 855 301 903 ἱὶῗιῗιῗὲῖ
315 867 379 906 uel
406 865 635 905 ciuitatibus
662 870 931 917 praeparatur,
959 869 1094 902 mutuo
1123 866 1322 916 utrimque
1346 863 1522 915 periculo

171 927 240 967 sed
268 928 413 965 maiore
435 925 747 977 obpugnantium
769 925 958 974 sanguine
980 929 1217 962 exercentur
1236 923 1417 962 luctuosa
1439 934 1540 973 cer-

172 987 328 1026 tamina.
385 985 445 1024 Illi
477 985 600 1036 enim,
633 985 701 1034 qui
733 995 868 1022 muros
901 982 1091 1021 inuadere
1123 983 1306 1034 eupiunt,
1349 982 1522 1021 terrifico

118 1059 150 1084 15
171 1051 359 1097 apparatu
399 1044 588 1094 expositis
628 1043 753 1093 copiis
791 1043 832 1080 in
872 1053 982 1092 spem
1021 1040 1232 1079 deditionis
1271 1040 1521 1079 formidinem

170 1106 371 1155 geminant
410 1102 593 1142 tubarum
633 1102 802 1152 strepitu
842 1100 1126 1150 hominumque
1166 1102 1378 1152 permixt03
1415 1106 1524 1150 tune,

173 1163 281 1215 [quia
314 1164 431 1201 timor
463 1162 586 1212 magis
619 1161 764 1211 frangit
790 1158 998 1211 insuetos‚]
1032 1160 1158 1209 primo
1186 1160 1335 1210 impetu
1363 1164 1523 1210 stupen-

909 1238 969 1263 sa?

194 1278 238 1313 V.
260 1277 298 1311 L.
362 1280 382 1310 2
410 1274 672 1310 substruendae
700 1273 822 1308 HML
848 1271 1094 1306 subtruendae
1123 1271 1152 1316 Q
1179 1271 1449 1307 subtrahendae
1474 1272 1521 1306 A'

171 1324 445 1359 substituendae
473 1322 533 1357 31³
622 1326 642 1356 3
670 1320 751 1356 sitis
772 1320 864 1355 uicit
889 1332 912 1353 α
946 1319 1026 1354 sitis
1053 1318 1172 1353 uincit
1204 1319 1267 1354 eos
1287 1322 1305 1354 λ
1339 1319 1437 1354 enim
1464 1319 1529 1354 eos

169 1371 249 1406 sitis
269 1370 388 1406 uincit
407 1371 446 1404 H
469 1368 567 1404 enim
594 1368 658 1403 eos
679 1367 763 1412 quis
783 1367 879 1402 uicit*
894 1367 954 1401 dP
973 1366 1064 1401 Oua.
1093 1366 1190 1400 enim
1216 1367 1334 1402 uincit
1359 1366 1439 1401 sitis
1462 1366 1526 1402 eos

169 1420 279 1464 uulgo
329 1418 408 1463 qui]
429 1416 517 1461 qui-f.
531 1416 567 1451 A
616 1420 638 1450 4
659 1416 832 1460 exiguam
852 1426 986 1458 aquam
1009 1426 1025 1447 ε
1074 1415 1201 1448 tamen
1222 1415 1367 1448 tantum
1384 1416 1449 1448 αΠ
1458 1413 1527 1448 VP

169 1468 296 1501 tamen
321 1466 392 1500 hae
418 1468 436 1499 λ
462 1465 588 1498 tamen
614 1464 652 1498 D
678 1465 825 1498 tantum
850 1463 961 1507 uulgo
1072 1460 1152 1495 CAP.
1183 1459 1243 1496 XI.
1295 1465 1315 1495 5
1343 1460 1437 1496 sales
1459 1461 1522 1495 de—

169 1513 308 1548 fuerint
333 1513 395 1548 Gn
421 1511 506 1545 salis
527 1510 714 1546 defuerint
739 1511 773 1544 A
800 1508 886 1543 salis
908 1508 1066 1543 defuerit
1093 1509 1142 1542 M
1166 1507 1219 1542 sal
1245 1508 1407 1543 defuerit
1431 1511 1451 1543 λ

170 1565 190 1596 6
217 1560 365 1604 aliaque
387 1572 403 1594 ε
430 1560 543 1603 atque
569 1558 646 1593 alia
664 1557 702 1591 π’
730 1559 841 1600 atque
861 1556 898 1590 P
946 1560 964 1590 7
992 1555 1054 1599 qui
1074 1568 1101 1589 π
1126 1554 1214 1599 quia
1235 1568 1251 1589 ε
1279 1556 1343 1599 qui
1369 1567 1391 1590 a
1410 1556 1521 1601 uulyo

242 1611 262 1642 8
288 1606 413 1642 hostes
425 1627 471 1632 —
489 1605 714 1650 prohibeant
733 1607 771 1638 H
855 1602 1010 1648 accidit]
1037 1602 1144 1647 saepe
1172 1602 1339 1637 aoeiditi.
1415 1607 1435 1637 9
1462 1613 1525 1637 ex-

171 1656 327 1690 citatum
347 1654 460 1689 uento
476 1654 515 1687 H
532 1653 694 1688 excitato
714 1652 826 1686 uento
845 1664 869 1684 oc
890 1650 1093 1685 exercitato
1114 1651 1226 1684 uento
1248 1651 1266 1683 λ
1293 1649 1523 1694 exagitatum

169 1702 295 1737 uentis
316 1701 376 1736 δΡ
470 1700 650 1745 colligant
669 1701 688 1733 λ
752 1702 794 1733 10
815 1697 960 1743 eluunt]
982 1697 1168 1743 pfundunt
1182 1697 1218 1731 P
1232 1696 1449 1742 pfundantk

170 1749 264 1785 salos
274 1748 476 1784 GMHVP
494 1747 588 1782 sales
608 1748 677 1789 (ita
696 1750 736 1782 ut
756 1747 831 1790 ipse
856 1746 1051 1780 correxisse
1068 1745 1256 1788 uideam)
1269 1745 1304 1778 A
1325 1744 1437 1779 salem
1463 1744 1522 1778 zD

266 1796 349 1831 CAP.
376 1795 454 1829 XII.
508 1799 550 1830 12
577 1794 725 1838 utrique
750 1793 789 1827 π’
847 1796 890 1827 13
917 1792 1157 1826 exerceantur
1183 1792 1206 1825 ὃ
1258 1795 1300 1825 14
1328 1790 1457 1836 [enim]
1487 1792 1528 1825 H

268 1849 309 1878 15
336 1843 374 1877 in
401 1842 518 1888 spem]
546 1842 622 1876 sine
649 1841 710 1886 spe
737 1840 801 1874 ὃΡ
899 1843 939 1874 16
966 1839 1156 1884 tubarum]
1183 1839 1376 1873 turbarum
1404 1840 1443 1872 H

170 1890 452 1936 hominumque]
483 1889 748 1935 agminumque
770 1889 810 1922 H
873 1888 961 1921 tunc
989 1886 1076 1930 quia
1101 1886 1213 1920 timor
1239 1885 1361 1930 magis
1381 1884 1524 1930 frangit

169 1938 331 1973 insuetos
354 1938 411 1973 εΡ
438 1942 464 1972 t.
491 1949 525 1981 q.
552 1938 579 1971 t.
611 1934 769 1980 magnus
796 1934 839 1968 fr.
873 1934 935 1968 ins.
966 1936 1005 1968 H
1033 1935 1121 1967 tune
1147 1933 1234 1977 quia
1259 1933 1372 1967 timor
1399 1933 1441 1967 ea
1468 1932 1539 1967 in->

170 1986 295 2021 suetus
313 1985 346 2019 V
368 1987 457 2019 tuuc
483 1984 597 2019 timor
617 1983 659 2018 ea
681 1981 762 2027 agit
787 1980 952 2016 insuetus
968 1981 1005 2015 D
1030 1982 1119 2015 tuno
1144 1979 1248 2026 [quia
1273 1980 1386 2015 timor
1405 1979 1532 2024 magis

169 2032 311 2078 frangit
335 2031 514 2077 insuetos]
542 2032 651 2076 λαυρ

194 2128 227 2163 S.
255 2128 296 2162 L.
381 2126 463 2161 CAP.
489 2125 549 2160 XI.
603 2129 622 2160 6
650 2124 795 2170 alueos]
824 2123 954 2158 albeos
975 2136 999 2157 α
1079 2126 1099 2156 9
1127 2121 1370 2167 fuel-fuderat]
1401 2121 1525 2166 super-

169 2175 341 2209 fuuclerat
367 2188 390 2208 oc
494 2178 514 2207 9
542 2172 642 2208 dulci
667 2172 780 2217 aqua]
809 2171 934 2205 dulcia
960 2181 1056 2213 aqua
1082 2171 1121 2203 H
1145 2168 1265 2203 dultia
1292 2180 1390 2213 aqua
1415 2171 1450 2202 A

172 2227 214 2257 10
240 2220 508 2256 nihilhominus
529 2233 553 2254 α

267 2268 348 2303 CAP.
376 2268 454 2303 XII.
507 2272 549 2302 11
576 2266 815 2312 impugnatio
842 2267 882 2300 H
978 2268 1020 2299 13
1049 2262 1349 2308 oppugnantium
1375 2262 1461 2297 MH

170 2316 363 2362 sanguine]
392 2315 606 2360 sanguinem
632 2328 656 2359 μ
756 2317 799 2348 14
824 2312 883 2347 1111
910 2311 982 2358 en.]
1017 2310 1083 2345 ille
1110 2322 1166 2346 en.
1194 2311 1242 2356 Al
1347 2313 1390 2344 15
1417 2308 1520 2345 dedi-

169 2363 288 2399 cionis
309 2377 334 2408 μ
433 2367 474 2398 16
502 2362 695 2408 strepitum
721 2361 756 2395 α’
