1638 2620
191 114 275 155 140
694 112 771 146 Lib.
792 111 873 155 ΗΠ,
903 115 955 146 17.
985 115 1038 146 18.

190 226 259 265 per
292 225 382 252 eum
415 212 664 263 egredientes
706 210 753 249 de
792 210 970 249 machina
1009 209 1219 248 bellatores
1258 210 1299 247 in
1338 210 1538 249 ciuitatem

191 278 398 312 transeunt
424 277 462 310 et
482 275 679 321 occupant
704 281 851 308 muros.
893 268 937 307 In
964 267 1238 319 superioribus
1265 273 1396 307 autem
1416 270 1539 308 turris

189 331 293 371 illius
325 330 505 382 partibus
538 330 685 368 contati
718 334 755 367 et
788 329 980 378 sagittarii
1012 327 1273 379 collocantur,
1307 329 1375 378 qui
1406 327 1538 366 desen-

191 402 301 430 sores
329 389 438 428 urbis
465 401 511 427 ex
540 388 616 427 alto
644 388 772 426 contis
793 385 1050 425 missibilibus
1071 387 1254 437 saxisque
1274 391 1540 437 prosternant.

153 458 168 483 5
191 450 276 496 Quo
316 449 417 487 sacto
457 448 598 486 ciuitas
637 447 791 498 capitur
829 447 914 484 sine
953 458 1071 484 mora.
1130 444 1232 490 Quid
1271 446 1376 484 enim
1408 445 1541 485 auxilii

190 513 391 559 superest,
431 518 520 546 cum
558 506 618 557 hi,
657 507 725 556 qui
757 504 804 543 de
839 516 1044 543 murorum
1078 503 1283 543 altitudine
1317 503 1540 556 sperabant,

190 572 358 618 lepente
409 577 530 617 supra
575 577 616 603 se
662 565 854 615 aspiciant
897 563 1074 602 altiorem
1126 562 1300 601 hostium
1350 561 1541 603 murum?

77 642 131 667 Ωιι
161 641 275 661 admoua
277 646 302 660 m
334 624 468 664 XVIII.
502 623 603 662 Huic
637 629 713 662 tam
747 623 955 661 manifesto
988 622 1207 660 discrimini
1239 621 1372 661 multis
1405 633 1543 661 occur-

47 670 318 728 ζῖἒὲῑῖιῖἷιῖἳιῗᾱῗῗωδ
336 686 439 723 ritur
471 682 609 722 modis.
666 682 856 734 Primum,
889 682 922 719 si
955 681 1190 720 confidentia
1223 680 1286 719 uel
1319 681 1448 720 uirtus
1482 687 1543 721 est

138 755 171 779 10
192 744 394 794 militaiis,
434 743 642 794 eruptione
684 742 782 780 sacta
821 713 960 791 globus
994 740 1198 791 egreditur
1231 745 1472 779 armatorum
1504 746 1544 779 et

191 805 231 842 ui
271 802 453 841 hostibus
492 800 619 852 pulsis
657 800 1017 839 machinamentum
1055 799 1151 837 illud
1190 800 1330 849 ingens
1369 799 1543 851 dereptis

191 863 309 901 coriis
337 862 384 900 de
412 861 528 912 lignis
556 861 697 898 exurit.
730 858 843 904 Quod
871 859 904 897 si
930 858 1115 910 oppidani
1135 860 1242 897 exire
1263 870 1342 896 non
1363 858 1543 910 audeant,

191 921 237 960 ad
272 922 440 959 maiores
473 919 649 958 ballistas
681 917 882 956 malleolos
914 917 978 956 uel
1010 917 1189 956 falaricas
1233 929 1322 956 oum
1360 917 1543 956 incendio

191 980 410 1031 destinant,
448 985 492 1018 ut
532 979 735 1029 perruptis
774 978 893 1016 coriis
932 977 997 1015 uel
1036 975 1271 1015 centonibus
1302 977 1544 1015 intrinsecus

137 1050 170 1074 15
190 1040 345 1078 flamma
372 1038 575 1077 condatur.
617 1036 783 1075 Malleoli
815 1035 926 1074 uelut
958 1037 1122 1086 sagittae
1155 1041 1259 1086 sunt,
1292 1040 1342 1083 et,
1376 1034 1444 1074 ubi
1477 1035 1544 1074 ad-

190 1099 402 1150 haeserint,
424 1098 515 1148 quia
539 1096 723 1135 ardentes
744 1096 923 1146 ueniunt,
943 1096 1130 1133 uniuersa
1152 1094 1404 1144 conflagrant.
1438 1093 1544 1133 Fala-

191 1160 272 1196 rica
299 1163 430 1196 autem
457 1156 503 1194 ad
531 1155 692 1194 modum
718 1154 853 1192 hastae
881 1153 1010 1192 ualido
1036 1153 1269 1204 praefigitur
1290 1153 1414 1205 ferro3
1441 1155 1545 1192 inter

192 1216 331 1256 tubum
365 1217 482 1254 etiam
516 1222 554 1254 et
586 1213 726 1252 hastile
760 1213 950 1264 sulphure
983 1214 1114 1251 resina
1146 1211 1340 1251 bitumine
1373 1214 1544 1264 stuppis·

192 1289 267 1327 que
302 1274 557 1314 conuoluitur
596 1273 726 1312 infusa
766 1271 870 1323 oleo,
909 1272 1013 1322 quod
1052 1271 1340 1310 incendiarium
1379 1277 1545 1324 uocant3

137 1345 170 1369 κο
191 1347 291 1386 quae
324 1334 502 1372 ballistae
536 1334 686 1383 impetu
720 1331 912 1370 destinata
940 1337 1131 1382 perrupto
1159 1332 1375 1369 munimine
1401 1331 1544 1369 ardens

216 1425 259 1460 V
286 1425 325 1459 L.
403 1428 420 1458 1
449 1421 703 1469 egredientes]
732 1420 990 1466 ingredientes
1012 1433 1027 1456 ε
1055 1421 1115 1465 (cf.
1142 1420 1203 1463 IV,
1233 1423 1289 1463 19)
1386 1424 1408 1455 4
1436 1420 1545 1455 missi-

190 1472 290 1508 libus
311 1473 374 1517 μΡ
442 1476 461 1506 5
491 1469 586 1516 Quo]
615 1470 667 1505 Eo
689 1470 711 1503 δ
808 1469 891 1504 CAP.
917 1468 1049 1503 XVIII.
1104 1472 1145 1502 11
1174 1467 1249 1512 ing
1278 1467 1487 1513 dereptisc.
1510 1468 1544 1503 d.

190 1522 213 1555 1.
242 1531 272 1555 e.
301 1520 454 1555 Sehweb.
482 1518 556 1562 ing.
585 1516 744 1561 direptis
767 1517 871 1561 (coir.
895 1527 937 1550 ex
964 1515 1117 1569 directis
1141 1516 1189 1559 P)
1217 1525 1289 1550 cor.
1316 1515 1349 1551 d.
1376 1515 1398 1549 l.
1427 1527 1455 1550 e.
1486 1515 1549 1550 δΡ

190 1567 297 1613 ignes
319 1566 386 1601 dir.
414 1578 443 1601 c.
471 1566 516 1600 de
543 1564 703 1610 lignise.
725 1566 762 1598 H
787 1563 919 1607 ingens
935 1563 1002 1597 dir.
1025 1574 1052 1597 c.
1100 1562 1235 1607 {signis
1250 1562 1464 1597 exuriturA
1490 1563 1545 1597 in-

191 1614 283 1660 gens
299 1614 365 1649 dir.
389 1625 418 1648 c.
439 1613 500 1648 uel
526 1611 625 1656 ignis
646 1611 765 1646 exurit
787 1610 872 1646 GM
890 1610 978 1645 Par.
1000 1613 1096 1645 6503
1121 1609 1197 1654 ing.
1225 1609 1293 1645 dir.
1320 1609 1431 1644 coriis
1451 1610 1551 1655 ignis

192 1662 314 1697 exurit
349 1660 462 1705 (ignis
483 1660 603 1694 exurit
628 1671 669 1693 m
695 1659 716 1693 l.
743 1670 791 1693 er.
821 1658 864 1703 Q)
891 1660 908 1692 λ
940 1658 1015 1702 ing.
1049 1656 1116 1691 dir.
1151 1657 1262 1692 coriis
1287 1657 1348 1691 uel
1382 1658 1545 1692 centoni-

190 1709 261 1744 bus
287 1708 388 1753 ignis
416 1719 445 1743 e.
473 1707 560 1752 Rey.
589 1709 686 1741 1236
836 1710 876 1739 12
911 1704 1089 1778 oppidani
1121 1717 1174 1749 μπ
1210 1704 1389 1749 oppidum
1414 1705 1450 1740 A
1483 1716 1546 1749 op-

190 1780 279 1825 pido
307 1779 340 1814 G
464 1782 506 1813 13
534 1778 580 1813 ad
607 1777 767 1812 maiores
789 1776 915 1810 aLaP
939 1757 1098 1810 maiores
1123 1776 1151 1821 Q
1177 1776 1223 1811 de
1249 1776 1389 1811 maiore
1415 1777 1455 1810 H

192 1826 361 1862 ballistas
383 1825 519 1871 (balist
546 1825 599 1869 D)
628 1825 688 1859 δΡ
718 1823 870 1859 ballista
896 1825 935 1858 H
957 1822 1129 1858 ballistae
1156 1836 1172 1858 ε
1298 1827 1341 1858 15
1368 1822 1544 1869 sagittae]

192 1875 306 1920 sagit-1·=
301 1876 382 1921 te
380 1874 431 1912 A
457 1873 630 1917 (sagittae
657 1873 744 1907 Par.
773 1872 886 1915 6503)
993 1874 1035 1905 16
1063 1870 1167 1916 quia]
1195 1881 1267 1915 qua
1296 1871 1325 1916 Q
1351 1869 1379 1904 si
1405 1872 1444 1904 H

194 1903 252 1957 18³³
262 1921 395 1957 hastile
424 1921 469 1955 A
497 1920 615 1954 LPV
705 1923 746 1954 19
774 1918 893 1954 infuso
921 1918 981 1952 aP

216 2006 250 2039 S.
278 2005 319 2038 L.
437 2007 453 2037 1
482 2002 676 2038 bellatoris
698 2013 787 2037 corno
815 2003 856 2035 in
881 2000 1083 2036 bellatoies
1105 2000 1141 2035 A
1263 2004 1284 2034 4
1310 2011 1353 2034 ex
1379 2000 1473 2046 alto]
1502 2011 1545 2035 ex

192 2052 311 2086 altato
339 2051 374 2085 A
473 2055 493 2084 5
520 2049 649 2085 auxilii
676 2048 856 2094 superest]
885 2048 1034 2083 auxiliis
1055 2047 1218 2093 superest
1244 2060 1268 2081 α
1360 2047 1413 2082 hii
1439 2050 1474 2082 A

193 2099 255 2143 qui
281 2099 326 2133 de
352 2097 485 2143 muris]
514 2097 664 2142 quidem
690 2095 806 2131 muris
828 2096 878 2131 M
990 2101 1008 2131 7
1036 2095 1224 2141 altiorem]
1253 2093 1386 2130 altiore
1414 2097 1453 2129 H

193 2147 275 2181 CAP.
303 2145 433 2180 XVIII.
486 2149 506 2180 8
534 2144 761 2189 deserimini]
789 2143 997 2178 discrimine
1025 2156 1041 2178 ε
1123 2146 1167 2178 10
1195 2143 1428 2187 erumptione
1454 2143 1489 2176 A

196 2198 238 2227 14
266 2193 444 2227 distinant
470 2205 494 2237 μ
594 2196 635 2226 15
663 2191 846 2237 malleoli]
874 2190 1060 2226 malleolis
1081 2191 1121 2224 H
1227 2193 1270 2224 16
1297 2190 1542 2235 conflagrant]

194 2264 399 2309 coflagrant
425 2263 459 2298 α’
494 2248 702 2307 essflagrant
730 2262 763 2297 G
874 2266 917 2297 17
945 2262 991 2296 ad
1017 2260 1185 2307 modum]
1215 2261 1388 2295 amodum
1415 2260 1450 2294 α’

197 2314 238 2346 18
265 2310 399 2346 sulfure
426 2313 464 2345 Π
578 2309 760 2345 uitumine
788 2311 827 2344 H
946 2313 988 2343 19
1014 2307 1285 2343 incendiarium
1312 2308 1464 2353 uocant]
1492 2307 1545 2342 in-

195 2359 325 2394 cendia
353 2360 560 2394 Qenuoeant
587 2359 626 2392 H
650 2362 694 2393 20
722 2357 892 2393 bailistae
919 2358 957 2391 H
975 2355 1106 2391 baliste
1129 2357 1202 2401 (-ae
1223 2357 1255 2401 λ)
1275 2369 1300 2401 μ
1349 2354 1542 2401 perrupto]
