1638 2620
151 110 236 150 114
698 108 777 142 Lib.
805 108 867 151 111,
894 111 950 144 22.

150 221 272 248 scere.
330 208 426 248 Cum
460 207 682 259 receditur,
723 206 807 245 talis
840 206 947 244 fraus
979 205 1066 244 fieri
1098 206 1318 244 consueuit.
1374 205 1496 244 Recto

148 270 291 307 itinere
322 268 438 319 pauci
470 268 625 317 equites
650 267 896 316 insecuntur,
928 263 1056 303 ualida
1082 276 1221 303 manus
1247 264 1400 303 occulte
1426 276 1498 315 per

149 327 221 366 alia
255 328 424 365 mittitur
456 325 560 376 loca3
600 323 667 363 ubi
700 324 747 362 ad
779 335 918 374 agmen
949 324 1201 362 inimicorum
1239 325 1498 374 peruenerint

149 387 316 437 equites,
342 389 535 435 temptant
560 383 703 421 leuiter
730 388 846 433 atque
883 382 1108 434 discedunt3
1140 382 1204 420 ille
1238 382 1364 420 credit
1390 383 1498 432 quic-

112 453 128 477 5
150 445 243 496 quid
270 443 503 482 insidiarum
529 442 657 481 fuerat
687 442 926 492 praeterisse
960 447 999 479 et
1034 442 1118 479 sine
1155 453 1249 480 cura
1283 440 1498 479 resoluitur

96 747 130 772 10

151 503 196 542 ad
240 502 550 553 neglegentiain3
592 506 686 539 tunc
728 500 790 538 illa
832 512 988 551 manus,
1028 511 1126 550 quae
1165 506 1318 539 secreto
1356 501 1498 538 itinere

150 562 344 601 destinata
377 561 517 612 fuerat,
549 560 837 611 superueniens
872 558 1056 609 obprimit
1087 560 1325 609 ignorantes.
1376 558 1498 609 Multi,

150 633 239 660 cum
278 619 324 658 ab
363 619 475 658 hoste
514 618 738 670 discedunt,
777 619 810 656 si
847 629 919 669 per
957 616 1076 655 siluas
1109 618 1205 656 ituri
1239 623 1349 669 sunt,
1387 629 1498 667 prae·

150 681 312 718 mittunt
344 679 412 729 qui
443 683 606 729 angusta
639 677 704 716 uel
736 676 903 727 abrupta
929 682 1125 727 occupent
1149 676 1245 728 loca,
1278 688 1326 714 ne
1353 675 1499 714 ibidem

149 739 349 790 patiantur
385 736 565 788 insidias3
610 742 649 775 et
689 748 829 775 rursus
867 741 957 786 post
996 747 1037 773 se
1070 736 1258 786 praecisis
1291 734 1499 773 arboribus
1548 743 1556 750 ·

150 798 235 836 uias
262 796 461 848 claudunt,
494 807 591 846 quas
619 794 835 833 concaedes
862 799 1018 846 uocant,
1046 799 1088 832 ut
1115 793 1353 843 aduersariis
1380 793 1500 832 facul-

149 861 270 895 tatem
302 855 474 894 adimant
505 853 783 905 persequendi.
830 853 879 892 Et
904 865 1027 904 paene
1054 854 1213 904 utrique
1240 853 1343 903 parti
1370 853 1410 891 in
1436 853 1498 891 iti-

151 927 246 954 nere
279 914 325 952 ad
359 913 565 952 subsessas
599 914 819 952 communis
852 913 1006 950 occasio
1041 917 1121 950 est:
1160 924 1249 950 nam
1289 912 1357 962 qui
1389 923 1500 961 prae-

151 974 267 1025 cedit,
300 973 506 1024 oportunis
540 971 709 1011 uallibus
741 971 806 1010 uel
838 971 995 1010 siluosis
1022 970 1222 1009 montibus
1250 969 1384 1021 [quas]
1411 975 1501 1021 post

115 1042 130 1067 5
151 1045 193 1072 se
214 1032 402 1083 relinquit
422 1031 596 1083 insidias,
617 1032 657 1069 in
679 1042 776 1081 quas
797 1042 887 1069 cum
906 1029 1090 1068 inciderit
1111 1030 1306 1080 inimicus,
1328 1029 1502 1068 recurrit

150 1094 234 1144 ipse
274 1096 314 1130 et
345 1090 505 1129 adiuuat
543 1102 654 1141 suos3
696 1090 763 1139 qui
796 1101 892 1127 uero
926 1090 1124 1139 sequitur,
1163 1089 1315 1126 auersis
1350 1088 1501 1126 semitis

149 1151 263 1202 longe
291 1155 381 1188 ante
408 1149 577 1187 destinat
604 1148 808 1199 expeditos
834 1152 873 1186 et
899 1147 1201 1197 praecedentem
1230 1146 1501 1185 aduersarium

150 1214 258 1248 arcet
279 1221 299 1247 a
326 1209 495 1247 transitu
523 1207 811 1258 deceptumque
838 1218 859 1244 a
885 1207 1014 1244 fronte
1043 1212 1081 1245 et
1107 1218 1127 1244 a
1152 1211 1263 1256 tergo
1292 1204 1501 1244 concludit.

151 1266 446 1307 Dormientibus
474 1271 595 1305 noctu
623 1266 862 1304 aduersariis
884 1270 922 1303 et
949 1266 1017 1315 qui
1044 1265 1260 1316 praecessit
1285 1269 1417 1314 potest
1442 1275 1501 1302 re-

98 1337 112 1361 2
151 1327 261 1379 gredi
294 1333 333 1365 et
364 1327 432 1377 qui
465 1327 662 1376 sequitur,
696 1325 949 1375 quantumuis
982 1325 1157 1375 intersit,
1203 1329 1333 1374 potest
1365 1335 1502 1373 super-

152 1388 288 1425 uenire
316 1397 387 1436 per
414 1384 602 1423 fraudem.
644 1383 687 1422 In
715 1383 1036 1422 transfretatione
1063 1383 1275 1421 fluuiorum
1304 1383 1370 1433 qui
1391 1393 1502 1432 prae-

174 1476 217 1511 V.
244 1476 283 1510 L.
361 1478 378 1508 1
405 1474 502 1519 fieri]
530 1473 586 1508 ita
611 1473 691 1507 fieri
718 1473 778 1507 dP
868 1477 887 1507 2
914 1472 996 1518 ins]
1025 1472 1295 1515 consequuntur
1321 1472 1431 1516 uulgyo

151 1528 171 1557 3
194 1522 418 1568 perueniunt
444 1522 504 1555 61³
572 1524 594 1554 4
620 1520 677 1554 illi
703 1519 859 1555 credunt
885 1520 947 1553 312
1016 1523 1036 1554 5
1063 1519 1185 1554 fuerat
1210 1521 1270 1553 sH
1293 1518 1407 1553 fuerit
1439 1518 1508 1552 VP

150 1570 223 1604 fuit
247 1569 286 1604 D
352 1568 549 1603 resoluitur
575 1580 590 1602 ε
619 1567 773 1602 soluitur
799 1569 838 1600 H
861 1566 1053 1601 soluuntur
1079 1567 1140 1600 δΡ
1204 1570 1224 1600 9
1252 1566 1329 1611 qui]
1351 1567 1393 1600 ut
1424 1567 1459 1599 H

152 1621 194 1652 11
229 1615 434 1652 concaedes
462 1615 613 1650 Medius
645 1614 837 1649 concedaes
865 1615 950 1658 (sce,-
982 1615 1058 1658 ipse
1090 1613 1248 1648 correxit
1280 1624 1301 1648 a
1334 1614 1375 1647 in
1408 1613 1441 1657 e)
1468 1613 1503 1647 A

151 1664 333 1699 concedes
354 1666 372 1698 λ
405 1661 616 1697 concedens
637 1662 687 1696 M
717 1661 900 1696 concedes
921 1672 964 1695 ecc
991 1660 1202 1695 concedunt
1228 1670 1318 1695 corr.
1347 1659 1381 1694 G
1418 1671 1504 1694 con-

151 1711 254 1747 cides
276 1711 336 1745 &P
357 1709 517 1755 copedes
532 1711 572 1743 H
644 1712 686 1743 15
712 1708 892 1752 relinquit
912 1709 933 1742 ὂ
958 1706 1146 1752 relinquid
1166 1709 1207 1741 Π
1228 1707 1382 1751 reliquit
1401 1706 1508 1741 A'tP

150 1758 314 1803 reliquid
340 1758 389 1792 M
505 1756 598 1800 quas
620 1769 636 1790 ε
665 1756 769 1800 quasi
796 1769 821 1790 π
848 1755 992 1799 aliquas
1013 1755 1063 1800 A2
1097 1754 1193 1789 Giss.
1220 1755 1324 1789 uncis
1350 1755 1501 1789 incluse-

150 1809 239 1841 runt
265 1805 366 1849 quasi
385 1805 551 1839 Steweelz.
574 1803 732 1838 Scrz'uer.
760 1802 863 1847 quasi
889 1803 1021 1837 eoeillo
1048 1801 1141 1846 quas
1162 1805 1290 1836 mltum
1315 1804 1381 1843 est,
1408 1801 1504 1845 quod

150 1855 271 1897 ipsum
301 1853 455 1896 fortasse
486 1862 529 1885 eoe
560 1852 720 1895 sequenti
751 1850 843 1893 quas
873 1851 1027 1894 inrepsit
1162 1852 1203 1883 16
1240 1847 1379 1883 auersis
1407 1849 1504 1891 (uer-

150 1900 198 1935 sis
219 1900 286 1945 Lx)
314 1912 329 1934 ε
364 1897 529 1934 aduersis
549 1911 576 1932 π
607 1899 718 1942 uulgo
842 1901 883 1931 17
911 1899 949 1931 et
974 1910 1027 1931 απ
1058 1897 1101 1930 ut
1125 1898 1143 1929 λ
1278 1898 1320 1930 18
1353 1895 1456 1930 arcet
1483 1906 1505 1929 a

151 1948 309 1982 transitu
334 1949 374 1981 H
397 1946 522 1981 arceat
547 1944 706 1979 transitu
733 1957 749 1979 ε
778 1947 881 1979 arcet
906 1944 954 1979 ad
979 1943 1174 1979 transitum
1201 1943 1261 1977 δΡ
1373 1942 1504 1986 decep-

150 1994 323 2040 tumque]
359 1993 615 2036 desertumque
643 1994 682 2026 H
813 1990 1003 2026 concludit
1035 1990 1071 2025 π’
1106 1989 1301 2025 concludet
1333 1989 1390 2023 εΡ
1420 1999 1503 2024 con-

153 2042 280 2077 cludat
305 2042 416 2085 ufuslyo
561 2043 605 2074 20
638 2039 872 2084 superuenire
905 2049 972 2084 per
1004 2038 1046 2074 fr.
1073 2038 1130 2072 sP
1152 2037 1175 2071 s.
1204 2036 1266 2081 qui
1291 2036 1333 2071 fr.
1363 2038 1402 2070 H
1424 2047 1504 2081 per-

152 2090 278 2124 uenire
305 2088 353 2122 ad
378 2087 403 2123 f.
430 2088 453 2121 δ

153 2147 215 2195 ‘s
241 2160 280 2194 L.
334 2164 350 2193 1
378 2157 581 2203 receditur]
609 2157 788 2192 reciditur
813 2158 876 2201 Αμ
950 2160 970 2190 2
996 2155 1237 2200 insequuntur
1262 2155 1302 2188 H
1373 2157 1393 2188 3
1419 2153 1505 2188 mit-

152 2209 253 2242 tetur
282 2220 297 2241 ε
409 2210 428 2240 6
455 2204 689 2250 neclegentiam
720 2204 759 2249 Q,
865 2208 883 2238 7
911 2202 1102 2248 obprimit]
1133 2201 1276 2246 obpmit
1300 2200 1348 2246 Al
1381 2199 1504 2245 oppri-

153 2253 222 2288 mit
238 2255 326 2288 MH
383 2251 513 2287 multis
522 2252 558 2287 A
621 2255 664 2287 10
689 2251 885 2295 paciantur
906 2264 930 2294 μ
993 2254 1034 2285 12
1062 2249 1245 2294 adimant]
1273 2248 1449 2283 ademant
1469 2247 1503 2281 α’

103 2297 107 2300 ’
152 2301 345 2336 adhimant
371 2302 411 2334 H
507 2303 549 2334 13
576 2298 783 2344 praecedit]
811 2302 864 2333 -et
890 2298 940 2333 M
1034 2300 1076 2332 15
1101 2295 1291 2341 inimicus]
1319 2294 1376 2330 -os
1397 2296 1435 2329 H

157 2352 200 2383 16
227 2348 382 2383 adiubat
407 2347 456 2393 Al
560 2350 601 2381 17
630 2345 782 2381 distinat
805 2345 851 2380 A'

1634 1551 1638 1578 1

1635 1586 1638 1678 i

1635 1681 1638 1704 ἐ

1636 1723 1638 1732 ,
