1638 2620
645 106 726 142 Lib.
751 106 778 151 Ι,
807 111 860 142 13.
890 111 943 141 14.
1405 109 1457 148 17

114 206 274 258 proeliis
306 211 528 244 armaturas
560 205 699 244 melius
732 217 907 257 pugnare
936 217 1052 256 quam
1079 211 1244 244 ceteros.
1295 205 1353 244 Ex
1380 219 1456 258 quo

113 265 288 316 intellegi
319 263 447 316 debet,
481 270 670 315 quantum
703 266 942 303 exercitatus
975 264 1086 302 miles
1118 266 1374 304 inexercitato
1408 267 1459 305 sit

113 324 268 376 melior,
313 335 403 362 cum
447 328 668 361 armaturae
713 329 928 374 utcumque
967 323 1112 362 eruditi
1153 323 1328 374 reliquos
1367 337 1458 363 con-

113 381 339 422 tubernales
370 394 462 420 suos
487 381 657 420 bellandi
683 388 766 421 arte
792 383 1039 432 praecedant.
1060 376 1145 439 vf'g'lta
1167 388 1297 421 autem
1318 395 1458 422 seuere

112 441 215 493 apud
248 442 416 480 maiores
449 441 628 479 exercitii
660 440 864 491 disciplina
898 446 1053 479 seruata
1086 447 1157 489 est,
1190 447 1299 481 utet
1325 442 1458 480 docto—
1479 450 1495 476 5

111 512 176 538 res
220 511 420 538 armorum
463 499 592 551 duplis
630 505 983 538 remunerarentur
1022 501 1187 538 annonis
1227 506 1266 539 et
1303 500 1460 551 milites,

111 559 180 610 qui
217 571 356 610 parum
395 560 435 597 in
473 558 537 597 illa
575 557 801 609 prolusione
840 559 1108 611 profecerant,
1150 571 1222 610 pro
1261 560 1458 599 frumento

111 617 303 657 hordeum
337 623 574 668 cogerentur
606 618 796 668 accipere,
825 629 902 655 nec
936 623 1024 656 ante
1059 619 1114 656 eis
1146 619 1186 656 in
1212 620 1344 657 tritico
1372 619 1458 657 red-

112 676 273 715 deretur
313 689 483 729 annona,
528 689 645 727 quam
683 675 755 714 sub
793 677 1016 726 praesentia
1055 677 1246 727 praefecti
1283 677 1460 730 legionis,

113 735 365 774 tribunorum
410 735 475 774 uel
524 736 811 787 principiorum
858 736 1137 786 experimentis
1182 735 1282 774 datis
1327 742 1456 775 osten·
1478 745 1512 771 10

111 794 262 833 dissent
301 806 342 833 se
382 796 528 845 omnia,
567 806 666 845 quae
700 800 811 832 erant
849 795 886 832 in
922 794 1081 832 militari
1119 800 1219 846 arte,
1260 796 1458 846 conplere.

113 852 218 891 Nihil
245 854 349 892 enim
382 865 511 904 neque
544 854 695 892 firmius
729 865 856 903 neque
892 853 1043 891 felicius
1071 866 1199 904 neque
1226 853 1460 893 laudabilius

111 917 173 950 est
204 911 418 964 republica,
450 914 490 950 in
524 925 599 963 qua
632 911 833 950 abundant
865 912 1008 950 milites
1035 912 1191 951 eruditi.
1242 913 1327 951 Non
1356 915 1461 952 enim

110 972 283 1009 uestium
311 972 415 1009 nitor
442 971 505 1009 uel
531 972 617 1010 auri
643 972 793 1022 argenti
820 983 1142 1022 gemmarumque
1165 973 1298 1022 copiae
1325 972 1460 1011 hostes

111 1035 177 1068 aut
210 1029 256 1068 ad
289 1031 555 1068 reuerentiam
588 1035 762 1069 nostram
796 1036 863 1068 aut
894 1030 940 1068 ad
973 1032 1137 1080 gratiam
1164 1030 1364 1082 inclinant,
1392 1031 1459 1069 sed
1481 1040 1513 1065 15

110 1088 193 1126 solo
226 1095 379 1127 terrore
414 1089 652 1140 subiguntur
685 1101 898 1129 armorum.
958 1089 1104 1127 Deinde
1137 1091 1177 1127 in
1210 1089 1295 1127 aliis
1329 1090 1460 1142 rebus,

112 1148 214 1186 sicut
241 1149 292 1186 ait
320 1147 431 1199 Cato,
459 1149 493 1186 si
519 1148 614 1199 quid
641 1154 816 1186 erratum
842 1154 919 1200 est,
946 1154 1076 1199 potest
1102 1148 1354 1198 postmodum
1376 1162 1459 1187 cor·

110 1207 203 1258 rigi;
236 1206 475 1257 proeliorum
509 1207 650 1245 delicta
682 1207 996 1245 emendationem
1030 1220 1107 1245 non
1135 1209 1344 1259 recipiunt,
1371 1221 1461 1247 cum

109 1277 234 1315 poena
268 1267 399 1303 statim
439 1273 627 1317 sequatur
659 1278 853 1317 e1·rorem;
900 1278 987 1304 nam
1029 1272 1095 1304 aut
1133 1267 1339 1304 confestim
1373 1280 1459 1318 per-

110 1329 206 1362 eunt
243 1325 311 1374 qui
349 1325 490 1374 ignaue
529 1326 789 1376 imperiteque
830 1326 1096 1375 pugnauerint
1141 1331 1206 1363 aut
1251 1326 1291 1362 in
1329 1326 1460 1376 fugam
1480 1335 1514 1360 20

110 1384 213 1421 versi
233 1382 450 1422 victoribus
466 1384 567 1422 ultra
582 1396 697 1435 pares
713 1396 798 1422 esse
817 1396 895 1421 non
910 1384 1067 1422 audent.
1100 1383 1216 1422 XIIII.
1241 1384 1316 1422 Sed
1346 1392 1451 1442 ἔξωθε
1482 1398 1528 1413 exe
1532 1398 1603 1413 eeeee

1409 1423 1442 1441 ad
1462 1422 1602 1443 missibilia

1346 1451 1473 1472 iacienda.

134 1519 177 1553 V.
205 1520 244 1553 L.
324 1525 340 1554 1
369 1520 577 1554 armaturas
598 1520 731 1554 melius
764 1531 930 1565 pugnare
960 1532 1069 1564 quam
1102 1521 1247 1555 eeteros
1273 1520 1364 1556 omi.

110 1568 297 1601 armatura
335 1568 536 1611 <armatura
577 1567 641 1613 Pl)
680 1567 814 1602 melius
852 1579 1018 1612 pugnare
1057 1579 1169 1611 quam
1208 1568 1353 1602 ceteros
1387 1569 1455 1613 εΡ1

110 1614 317 1649 amaturos
350 1614 482 1648 melius
516 1626 680 1659 pugnare
719 1626 830 1659 quam
866 1615 1009 1649 ceteros
1037 1616 1077 1648 Π
1105 1615 1305 1649 armaturis
1332 1615 1466 1650 melius

110 1672 275 1705 pugnare
303 1672 412 1704 quam
439 1662 573 1696 ceteris
595 1663 617 1695 ὃ
649 1662 857 1697 armaturas
884 1662 1018 1696 melius
1039 1662 1196 1707 pugnari
1224 1674 1334 1706 quam
1362 1666 1461 1697 cete-

109 1707 161 1741 ris
181 1708 226 1754 P2
256 1710 444 1743 armatura
469 1708 602 1743 melius
629 1720 793 1754 pugnare
827 1709 1014 1744 Romanos
1041 1720 1152 1753 quam
1185 1709 1330 1744 ceteros
1355 1710 1460 1744 Kort-

108 1755 235 1790 ticinus
267 1758 289 1790 3
317 1757 495 1799 probante
527 1757 674 1790 Korttio
709 1759 937 1791 armaturam
969 1768 1016 1791 m.
1057 1768 1222 1800 pugnare
1255 1768 1287 1799 q.
1322 1757 1465 1791 ceteros

109 1803 220 1847 uulgio
247 1806 335 1837 ante
362 1803 464 1838 Stew.
491 1803 691 1838 armaturis
708 1817 755 1838 m.
776 1804 934 1848 pugnari
961 1815 994 1847 q.
1017 1803 1152 1838 ceteris
1175 1804 1226 1838 St.
1249 1804 1325 1838 Ser.
1348 1804 1458 1839 iS'ehw.

180 1854 200 1883 3
229 1852 420 1885 armatura
439 1852 550 1896 uulgo
627 1854 646 1884 5
668 1850 847 1885 seruanda
868 1851 920 1885 est
940 1851 1049 1896 GQP
1121 1856 1140 1885 6
1169 1850 1310 1896 duplis]
1340 1851 1459 1895 dupli-

111 1896 217 1931 cibus
228 1898 284 1931 sP
339 1898 678 1943 remunerarentur]
702 1898 735 1932 se
756 1899 988 1932 munirentur
1002 1900 1041 1932 H
1095 1902 1112 1932 7
1134 1898 1354 1942 proficerent
1368 1901 1400 1932 (τ’

111 1948 130 1978 9
157 1943 338 1988 legionib3
367 1945 424 1979 εΡ
519 1948 561 1979 10
586 1944 810 1989 principium
837 1946 914 1979 ΠΡ
942 1946 1034 1980 0133.
1130 1950 1169 1979 11
1201 1945 1399 1989 complecti
1431 1945 1465 1978 V

112 1992 316 2034 complesse
343 1993 454 2036 uulsso
554 1996 594 2026 12
621 2004 742 2036 neque
769 1993 996 2027 laudabilius
1016 2003 1135 2036 neque
1160 1992 1362 2026 feliciusoz'

112 2042 155 2072 15
183 2039 279 2084 [aut]
311 2038 340 2083 Q
374 2039 451 2084 [ad]
480 2039 529 2073 M
628 2039 804 2085 nostram]
839 2040 902 2074 nie]
937 2051 1028 2074 corr.
1062 2052 1084 2074 (ι
1109 2042 1133 2074 2
1166 2040 1203 2073 in
1238 2040 1304 2073 usa
1331 2041 1370 2073 H

112 2088 154 2120 16
181 2085 409 2120 subiciuntur
430 2088 451 2120 δ
519 2090 560 2121 19
587 2086 683 2120 Nam
711 2087 776 2132 [at]
805 2087 998 2122 confestim
1022 2087 1050 2132 Q
1077 2089 1142 2121 aut
1168 2086 1265 2121 enim
1294 2098 1322 2121 c.
1349 2087 1460 2131 uulyo

136 2203 170 2237 S.
197 2205 236 2238 L.
337 2208 354 2238 1
387 2204 516 2249 preliis
544 2206 601 2245 H,
689 2209 708 2238 2
741 2205 928 2249 intellegst
960 2207 999 2239 H
1111 2209 1130 2238 6
1161 2204 1291 2239 anonis
1312 2205 1359 2249 Al

113 2254 132 2285 7
158 2251 407 2297 profecerant]
442 2252 664 2296 proficerant
695 2252 798 2297 ΑμΡ
873 2257 912 2286 11
941 2253 1126 2296 complere
1154 2254 1191 2285 Π
1266 2257 1306 2286 12
1334 2252 1460 2286 lauda-

111 2297 249 2380 biliug]9
266 2299 490 2389 Ἐέἒέὓῧίϋς
517 2300 565 2344 AI
638 2303 680 2333 13
708 2299 926 2334 habundant
953 2301 998 2334 A'
1071 2303 1113 2333 14
1139 2299 1251 2344 nitor]
1279 2299 1382 2334 nicor
1408 2301 1455 2344 Al

185 2411 359 2437 VEGETIUS.
1226 2408 1245 2437 2
