1638 2620
83 1520 116 1544 10

637 790 899 838 LIBER
950 792 983 840 Ι.

251 981 434 1031 Antiquis
467 979 712 1031 temporibus
745 993 828 1019 mos
861 981 935 1019 fuit
965 980 1158 1019 bonarum
1184 982 1328 1019 artium
1355 981 1483 1019 studia

133 1040 319 1078 mandare
358 1039 499 1078 litteris
539 1045 655 1089 atque
694 1040 734 1077 in
772 1039 893 1078 libros
932 1040 1090 1078 redacta
1122 1041 1264 1078 offerre
1296 1041 1483 1090 principi-

133 1099 226 1151 bus7
265 1100 355 1150 quia
388 1111 516 1149 neque
550 1103 656 1136 recte
690 1098 833 1149 aliquid
868 1098 1094 1150 inchoatur,
1133 1100 1209 1136 nisi
1240 1104 1329 1149 post
1359 1097 1483 1137 Deum

134 1158 278 1196 fauerit
309 1160 541 1209 imperator,
579 1169 707 1207 neque
741 1170 978 1208 quemquam
1010 1158 1132 1208 magis
1165 1157 1278 1195 decet
1309 1157 1373 1195 uel
1405 1169 1484 1195 me-

135 1217 233 1255 liora
259 1218 362 1255 scire
388 1216 453 1255 uel
478 1216 590 1266 plura
618 1228 734 1266 quam
761 1217 991 1268 principem,
1019 1217 1132 1255 cuius
1158 1216 1337 1254 doctrina
1363 1217 1485 1254 omni-

133 1275 208 1314 bus
247 1281 378 1326 potest
415 1275 604 1326 prodesse
645 1274 845 1313 subiectis.
909 1275 1021 1320 Quod
1061 1274 1321 1313 Octauianum
1356 1275 1484 1325 Augu-

135 1340 239 1373 stum
267 1347 311 1373 ac
337 1334 462 1373 bonos
489 1334 630 1372 dehinc
656 1335 857 1384 principes
884 1333 1053 1372 libenter
1084 1333 1269 1372 habuisse
1302 1334 1485 1384 frequen-

134 1393 241 1432 tibus
292 1393 514 1432 declaratur
558 1392 758 1443 exemplis.
835 1392 899 1430 Sic
950 1394 1199 1444 regnantium
1248 1393 1484 1431 testimoniis

136 1452 291 1491 crebuit
329 1453 570 1503 eloquentia,
611 1451 704 1489 dum
743 1464 820 1489 non
855 1451 1036 1502 culpatur
1068 1451 1238 1490 audacia.
1300 1450 1380 1489 Hac
1413 1464 1485 1501 ego

136 1513 352 1550 imitatione
392 1511 605 1562 conpulsus
644 1510 736 1548 dum
777 1510 983 1549 considero
1023 1510 1270 1549 clementiam
1312 1517 1486 1548 uestram

136 1570 297 1609 ausibus
335 1570 557 1608 litterarum
597 1571 718 1620 magis
757 1570 963 1619 ignoscere
1004 1582 1120 1620 posse
1165 1581 1281 1620 quam
1321 1574 1487 1621 ceteros,

136 1635 243 1667 tanto
276 1630 505 1667 inferiorem
544 1640 606 1666 me
645 1629 816 1678 antiquis
855 1628 1116 1679 scriptoribus
1149 1640 1236 1666 esse
1270 1629 1334 1666 uix
1368 1629 1474 1666 sensi

160 1777 204 1812 V.
225 1776 263 1812 L.
314 1781 334 1810 2
361 1778 399 1811 in
423 1776 531 1811 libris
554 1776 648 1822 QaP
720 1780 740 1810 3
766 1775 836 1810 nisi
861 1776 943 1820 post
969 1776 1079 1810 deum
1105 1776 1242 1810 fauerit
1267 1774 1417 1819 (faberit'¹
1436 1776 1486 1819 α’)

136 1825 342 1868 imperator
368 1826 434 1858 αΠ
456 1824 524 1858 nisi
549 1823 631 1868 post
656 1824 765 1858 deum
792 1823 904 1857 fuerit
929 1823 951 1857 i.
982 1823 1011 1867 Q
1035 1822 1105 1856 nisi
1129 1826 1348 1867 praenotum
1374 1822 1489 1857 fuerit

137 1871 356 1915 imperatori
389 1871 460 1905 VP
488 1883 523 1906 n.
556 1872 776 1915 praenotum
806 1869 920 1904 fuerit,
945 1869 1105 1914 principi
1130 1870 1168 1904 D
1199 1882 1234 1904 n.
1266 1871 1487 1914 praenotum

136 1919 250 1953 fuerit
286 1919 505 1962 imperatori
543 1918 701 1952 Scriuer.
735 1918 889 1955 Medius
925 1917 1056 1951 Barth.
1089 1916 1158 1951 nisi
1191 1917 1295 1961 prius
1322 1917 1493 1951 dominus

137 1965 258 2000 noster
282 1965 419 2000 fauerit
445 1965 504 2011 [i.]
536 1965 698 2000 Oudend.
768 1969 787 1999 7
815 1963 964 2009 dehine]
993 1964 1169 2009 deinceps
1190 1965 1213 1998 ὃ
1280 1968 1299 1998 9
1328 1965 1486 2010 crebuit]

138 2013 258 2047 creuit
283 2027 309 2047 π
425 2013 512 2057 ego]
539 2023 628 2056 ergo
657 2012 686 2056 Q
806 2016 845 2045 11
874 2011 1000 2045 usibus
1021 2011 1126 2056 G-QP
1236 2011 1488 2046 litteratorum

138 2060 297 2095 Serz'uer.
412 2064 453 2094 12
480 2059 603 2105 tanto]
632 2058 802 2102 quamuis
825 2058 893 2103 QP
915 2058 975 2104 [th]
1003 2059 1026 2092 δ
1128 2058 1189 2092 uix
1214 2057 1306 2093 sensi
1330 2057 1435 2104 licet]
1464 2072 1488 2092 α

138 2107 201 2141 uix
234 2106 337 2142 sensi.
365 2107 470 2142 Licet
497 2109 537 2140 H
570 2106 752 2142 uidissem.
780 2105 930 2140 Scilicet:
963 2105 997 2139 V
1033 2105 1101 2151 [u.]
1137 2105 1229 2139 sensi
1260 2107 1386 2140 ‘namen
1411 2106 1491 2140 DP

141 2154 209 2199 [ιι]
239 2154 330 2188 sensi
355 2154 446 2189 licet
469 2158 595 2189 tamen
617 2154 646 2198 Q

165 2285 200 2319 S.
226 2285 266 2318 L.
344 2290 360 2319 1
388 2283 587 2328 bonarum]
613 2262 790 2318 uenail'im
818 2283 856 2315 H
935 2285 955 2314 2
983 2281 1151 2326 redacta]
1179 2262 1378 2317 redaoenta
1404 2284 1484 2327 (po-

139 2333 270 2367 sterius
296 2344 318 2367 a
343 2344 367 2366 α
391 2337 410 2366 2
439 2333 538 2376 add.)
564 2332 599 2366 A
715 2334 734 2363 5
762 2328 947 2373 doctrina]
982 2328 1151 2362 doctrina
1179 2331 1217 2362 H
