1638 2620
682 122 760 156 Lib.
788 121 851 164 ΙΙΙ,
879 125 910 157 8.
1412 121 1467 162 85

122 221 332 261 uidebatur
364 225 403 260 in
436 220 607 271 speculis
640 220 846 271 uigilantes
880 220 1055 271 singulos
1086 231 1338 271 permanere,
1380 219 1468 258 ideo

122 283 160 319 in
196 287 380 332 quattuor
412 285 544 330 partes
577 279 622 317 ad
657 278 899 330 clepsydram
933 284 1024 317 sunt
1051 278 1199 317 diuisae
1226 278 1395 329 uigiliae,
1426 286 1470 317 ut

122 352 200 378 uon
233 338 398 390 amplius
432 350 547 389 quam
575 337 702 376 tribus
729 338 836 376 horis
864 339 1070 376 nocturnis
1096 349 1258 376 necesse
1295 338 1344 376 sit
1372 338 1467 388 uigi-

122 399 212 437 lare.
270 398 299 435 A
338 396 512 436 tubicine
551 408 686 434 omnes
725 397 879 447 uigiliae
922 398 1224 435 committuntur
1266 403 1305 435 et
1349 397 1468 434 finitis

121 457 228 495 horis
268 469 287 494 a
320 456 520 494 cornicine
559 460 809 494 reuocantur.
872 455 1037 494 idoneos
1076 461 1205 494 tamen
1249 455 1398 494 tribuni
1431 459 1504 494 et5

121 515 420 567 probatissimos
442 514 601 565 eligunt,
629 515 695 564 qui
723 515 965 553 circumeant
992 514 1145 566 uigilias
1167 520 1205 553 et
1229 515 1470 566 renuntient,

123 576 154 612 si
177 586 251 625 qua
272 574 481 612 emerserit
502 572 625 624 culpa,
652 585 750 623 quos
773 574 1048 612 circumitores
1070 573 1337 625 appellabant3
1364 586 1469 612 nunc

120 633 281 672 militiae
310 632 435 671 factus
463 637 519 670 est
548 631 692 682 gradus
714 637 752 670 et
773 633 978 670 circitorcs
999 638 1204 671 uocantur.
1258 632 1468 671 Sciendum

121 698 251 730 tamen
278 696 338 730 est
370 692 523 741 equites
557 696 666 729 extra
699 690 843 729 uallum
877 697 1091 730 nocturnas
1125 691 1308 730 excubias
1342 691 1469 730 facere

122 750 277 789 debere.
328 749 403 788 Per
430 749 531 787 diem
560 755 689 788 autem
718 751 856 788 castris
883 751 1034 802 positis,
1061 750 1123 788 alii
1151 763 1263 789 mane
1292 750 1354 788 alii
1381 756 1469 800 post
1491 763 1523 786 10

120 809 325 848 meridiem
351 813 515 860 propter
541 808 807 859 fatigationem
834 809 1037 847 hominum
1066 821 1337 860 equorumque
1362 821 1469 860 agra-

120 869 199 906 rias
239 868 398 906 faciunt.
456 867 563 905 Inter
600 868 811 918 praecipua
851 870 1037 906 conuenit
1073 868 1212 906 ducem
1246 868 1469 920 prouidere,

122 929 205 966 siue
233 928 271 965 in
301 927 440 964 castris
468 927 551 964 siue
579 927 617 964 in
646 927 806 965 ciuitate
834 928 1039 978 consistat,
1070 933 1112 965 ut
1145 926 1368 965 animalium
1404 939 1467 977 pa-

121 998 225 1037 scua,
255 984 461 1023 suhuectio
488 986 677 1023 frumenti
704 990 1004 1036 ceterarumque
1039 987 1280 1037 specierum,
1313 988 1469 1036 aquatio

120 1045 280 1096 lignatio
300 1043 497 1095 pahulatio
520 1056 657 1082 secura
679 1044 725 1082 ab
746 1044 918 1083 hostium
940 1045 1128 1083 reddatur
1148 1046 1322 1083 incursu.
1356 1043 1467 1090 Quod
1492 1058 1523 1082 ω

122 1104 233 1142 aliter
261 1115 338 1141 non
365 1107 495 1153 potest
522 1104 696 1154 euenire,
730 1105 805 1141 nisi
832 1116 903 1155 per
930 1103 1012 1142 loca
1039 1104 1190 1156 idonea,
1218 1116 1291 1154 qua
1317 1110 1469 1143 nostro-

122 1175 209 1201 rum
243 1161 415 1200 ambulat
447 1167 701 1213 commeatus,
733 1162 927 1213 praesidia
962 1163 1231 1214 disponantur,
1266 1164 1349 1202 siue
1383 1162 1469 1201 illae

121 1223 303 1260 ciuitates
337 1222 416 1258 sint
448 1220 532 1258 siue
567 1220 722 1259 castella
757 1228 920 1260 murata.
967 1222 1078 1267 Quod
1107 1224 1138 1260 si
1166 1234 1243 1260 non
1272 1223 1469 1273 reperitur

121 1281 279 1330 antiqua
308 1280 485 1330 munitio,
513 1281 719 1330 oportunis
739 1280 835 1318 locis
857 1280 1097 1319 circumdata
1120 1280 1333 1319 maioribus
1355 1281 1470 1319 fossis

120 1338 374 1377 tumultuaria
409 1337 564 1376 castella
598 1339 815 1378 firmantur.
871 1339 966 1377 Nam
1000 1352 1020 1377 a
1054 1341 1194 1378 castris
1233 1340 1469 1378 diminutiuo
1491 1353 1523 1376 ρο

121 1396 314 1436 uocabulo
349 1402 441 1435 sunt
473 1404 695 1447 nuncupata
731 1398 898 1437 castella.
956 1398 1061 1436 Intra
1096 1411 1194 1449 quae
1233 1400 1272 1437 in
1306 1400 1470 1449 agrariis

122 1456 310 1507 aliquanti
337 1455 489 1506 pedites
517 1456 750 1507 equitesque
778 1457 965 1508 degentes
993 1462 1121 1496 tutum
1148 1459 1223 1496 iter
1251 1470 1470 1496 commean-

145 1569 186 1604 V.
214 1569 253 1603 L.
326 1573 341 1603 1
370 1569 407 1602 in
434 1569 482 1614 sp.
510 1580 577 1613 per
602 1570 721 1604 totam
746 1571 892 1604 noctem
919 1570 1124 1616 uigilantes
1144 1572 1255 1616 uulgo
1324 1575 1343 1605 2
1371 1571 1468 1616 clep-

119 1628 262 1673 sydram
279 1627 339 1661 aL
367 1618 577 1672 clepsydaftm
604 1630 635 1673 (r
654 1629 806 1672 fortasse
827 1640 849 1663 (ι
868 1631 904 1673 1)
924 1630 953 1674 Q
979 1629 1159 1674 clepsidra
1174 1633 1213 1664 H
1236 1631 1417 1675 clepsidrzt
1438 1631 1473 1665 Ρ

120 1675 307 1720 clepsedra,
333 1676 390 1709 uel
417 1675 593 1719 depsedrzz
628 1675 662 1709 V
685 1676 787 1720 cleps
807 1677 970 1719 foramen
996 1679 1223 1712 membranae
1249 1678 1314 1712 dre't
1340 1678 1380 1712 D

118 1728 139 1757 4
163 1722 226 1768 [A]
248 1721 434 1756 tubicines
450 1722 580 1757 omnes
600 1722 730 1770 uigilie
753 1723 977 1758 comitantur
990 1725 1062 1759 LP
1084 1725 1268 1759 tubicines
1284 1737 1314 1759 o.
1336 1725 1467 1772 uigilie

119 1769 361 1805 comittentur
379 1769 408 1813 Q
457 1773 476 1803 5
500 1769 540 1815 [a
558 1769 757 1815 cornicine]
773 1771 819 1805 R.
837 1771 892 1805 M.
944 1771 1085 1806 tribuni
1100 1785 1115 1806 ε
1128 1772 1196 1806 VP
1205 1772 1366 1806 tribunis
1376 1784 1466 1808 corr.

117 1819 158 1851 in
182 1816 403 1851 tribunosH
420 1816 589 1851 tribunos
604 1817 642 1850 D
693 1821 712 1851 6
733 1816 806 1861 uig.
830 1818 912 1852 circ.
927 1820 1037 1863 uulgo
1089 1823 1107 1853 7
1130 1819 1344 1854 circuitores
1359 1821 1469 1864 uulyo

184 1867 202 1898 7
231 1863 492 1898 circumituros
509 1864 540 1897 V
587 1863 710 1910 Nunc]
736 1864 829 1899 Item
850 1867 888 1899 H
937 1869 957 1899 8
984 1866 1035 1910 et]
1064 1866 1211 1909 quosH
1259 1866 1467 1913 circitores]

118 1910 294 1946 certiores
315 1912 337 1944 ὃ
459 1910 656 1945 Sciendum
687 1913 813 1946 tamen
845 1913 943 1957 quod
970 1913 1110 1948 milites
1132 1915 1234 1948 extra
1259 1913 1400 1948 ballum
1433 1927 1468 1950 n.

117 1969 192 1993 exc.
220 1958 342 1992 facere
369 1957 502 1993 debere
531 1960 569 1992 H
658 1962 677 1992 9
705 1960 849 2005 exotio]
877 1960 1028 2004 uigilias
1049 1961 1108 1995 61³
1210 1964 1250 1994 11
1280 1961 1466 2007 agrarias]

117 2028 292 2074 angarias
312 2028 385 2073 (-0s
407 2029 450 2073 Q)
479 2041 495 2063 ε
596 2033 638 2063 13
665 2008 827 2064 consistit
855 2031 883 2075 Q
916 2032 956 2065 in
988 2031 1074 2067 Par.
1103 2035 1199 2066 6503
1232 2043 1254 2066 a
1279 2043 1353 2066 ozon
1378 2033 1469 2067 satis

116 2077 314 2120 yenuimmz
340 2079 389 2110 est
482 2079 524 2110 18
551 2076 632 2110 sunt
659 2077 715 2110 εΡ
803 2081 847 2110 20
874 2077 1065 2112 firmentur
1092 2081 1131 2112 H
1220 2083 1261 2112 21
1291 2078 1467 2124 cas[tella

118 2124 140 2158 f.
159 2144 199 2148 —-
215 2124 426 2167 nuncupata
453 2122 627 2168 carpana
649 2123 681 2157 V
731 2123 855 2169 [quae]
876 2124 911 2158 V
962 2124 998 2159 in
1026 2125 1201 2171 agrariis]
1227 2125 1266 2160 in
1292 2126 1416 2171 agi-ais
1432 2127 1465 2160 A

117 2169 154 2204 in
181 2169 344 2215 angariis
365 2170 414 2215 Α2

144 2263 177 2298 S.
204 2264 244 2298 L.
331 2269 350 2299 6
377 2264 564 2299 circueant
590 2265 639 2299 M
733 2269 749 2299 7
778 2265 805 2299 si
832 2277 904 2309 qua
931 2267 1132 2312 emerserit]
1160 2267 1188 2300 si
1214 2279 1283 2312 que
1311 2270 1395 2316 (que
1419 2268 1466 2313 G>

118 2311 283 2346 merserit
310 2325 333 2345 α
395 2315 437 2346 10
463 2311 546 2356 post
570 2311 724 2347 meridie
752 2313 800 2346 M
857 2317 897 2348 18
925 2314 1133 2359 repperitur
1159 2315 1244 2361 oc'Cr*2
1307 2319 1349 2350 21
1377 2327 1465 2351 non—

119 2360 255 2403 cupata
281 2359 330 2392 M
423 2363 465 2392 22
491 2360 629 2405 tutum]
658 2361 776 2394 totum
804 2360 849 2394 A·
