<?xml version="1.0" encoding="UTF-8"?>
<!DOCTYPE html PUBLIC "-//W3C//DTD XHTML 1.0 Transitional//EN"
    "http://www.w3.org/TR/xhtml1/DTD/xhtml1-transitional.dtd">
<html xmlns="http://www.w3.org/1999/xhtml" xml:lang="en" lang="en">
 <head>
  <title>
</title>
<meta http-equiv="Content-Type" content="text/html;charset=utf-8" />
  <meta name='ocr-system' content='tesseract 3.04.00' />
  <meta name='ocr-capabilities' content='ocr_page ocr_carea ocr_par ocr_line ocrx_word'/>
</head>
<body>
  <div class='ocr_page' id='page_1' title='image "./flavivegetirenat00vegeuoft/flavivegetirenat00vegeuoft_0155.png"; bbox 0 0 1638 2620; ppageno 0'>
   <div class='ocr_carea' id='block_1_1' title="bbox 619 134 1460 179">
    <p class='ocr_par' dir='ltr' id='par_1_1' title="bbox 619 134 1460 179">
     <span class='ocr_line' id='line_1_1' title="bbox 619 134 1460 179; baseline -0.001 -9"><span class='ocrx_word' id='word_1_1' title='bbox 619 135 698 170; x_wconf 82' lang='lat' dir='ltr'>Lib.</span> <span class='ocrx_word' id='word_1_2' title='bbox 725 134 787 179; x_wconf 84' lang='grc' dir='ltr'>ΠΙ,</span> <span class='ocrx_word' id='word_1_3' title='bbox 815 138 869 169; x_wconf 88' lang='lat'>14.</span> <span class='ocrx_word' id='word_1_4' title='bbox 897 138 952 170; x_wconf 86' lang='lat'>15.</span> <span class='ocrx_word' id='word_1_5' title='bbox 1405 134 1460 176; x_wconf 83' lang='lat'>99</span> 
     </span>
    </p>
   </div>
   <div class='ocr_carea' id='block_1_2' title="bbox 112 233 1605 1287">
    <p class='ocr_par' dir='ltr' id='par_1_2' title="bbox 114 233 1518 933">
     <span class='ocr_line' id='line_1_2' title="bbox 116 233 1463 286; baseline -0.001 -11"><span class='ocrx_word' id='word_1_6' title='bbox 116 248 184 275; x_wconf 89' lang='lat' dir='ltr'>sus</span> <span class='ocrx_word' id='word_1_7' title='bbox 216 247 338 286; x_wconf 81' lang='lat' dir='ltr'>prope</span> <span class='ocrx_word' id='word_1_8' title='bbox 372 234 418 273; x_wconf 86' lang='lat' dir='ltr'>ad</span> <span class='ocrx_word' id='word_1_9' title='bbox 450 235 574 272; x_wconf 84' lang='lat' dir='ltr'>instar</span> <span class='ocrx_word' id='word_1_10' title='bbox 607 235 743 285; x_wconf 85' lang='lat' dir='ltr'>onagri</span> <span class='ocrx_word' id='word_1_11' title='bbox 779 233 912 284; x_wconf 85' lang='lat' dir='ltr'>dirigit</span> <span class='ocrx_word' id='word_1_12' title='bbox 944 245 1044 272; x_wconf 85' lang='lat' dir='ltr'>saxa.</span> <span class='ocrx_word' id='word_1_13' title='bbox 1100 233 1338 272; x_wconf 88' lang='lat' dir='ltr'>Funditores</span> <span class='ocrx_word' id='word_1_14' title='bbox 1370 239 1463 273; x_wconf 91' lang='lat' dir='ltr'>sunt</span> 
     </span>
     <span class='ocr_line' id='line_1_3' title="bbox 117 292 1463 345; baseline -0.002 -12"><span class='ocrx_word' id='word_1_15' title='bbox 117 296 185 345; x_wconf 90' lang='lat' dir='ltr'>qui</span> <span class='ocrx_word' id='word_1_16' title='bbox 217 294 348 333; x_wconf 89' lang='lat' dir='ltr'>fundis</span> <span class='ocrx_word' id='word_1_17' title='bbox 381 293 459 331; x_wconf 90' lang='lat' dir='ltr'>lino</span> <span class='ocrx_word' id='word_1_18' title='bbox 492 292 556 331; x_wconf 94' lang='lat' dir='ltr'>uel</span> <span class='ocrx_word' id='word_1_19' title='bbox 589 294 707 331; x_wconf 85' lang='lat' dir='ltr'>saetis</span> <span class='ocrx_word' id='word_1_20' title='bbox 740 292 852 331; x_wconf 89' lang='lat' dir='ltr'>factis</span> <span class='ocrx_word' id='word_1_21' title='bbox 883 313 932 319; x_wconf 89' lang='lat'>—</span> <span class='ocrx_word' id='word_1_22' title='bbox 967 292 1037 331; x_wconf 87' lang='lat' dir='ltr'>has</span> <span class='ocrx_word' id='word_1_23' title='bbox 1070 293 1172 330; x_wconf 89' lang='lat' dir='ltr'>enim</span> <span class='ocrx_word' id='word_1_24' title='bbox 1207 292 1344 331; x_wconf 90' lang='lat' dir='ltr'>dicunt</span> <span class='ocrx_word' id='word_1_25' title='bbox 1376 305 1463 331; x_wconf 90' lang='lat' dir='ltr'>esse</span> 
     </span>
     <span class='ocr_line' id='line_1_4' title="bbox 115 350 1461 402; baseline -0.002 -10"><span class='ocrx_word' id='word_1_26' title='bbox 115 353 298 392; x_wconf 88' lang='lat' dir='ltr'>meliores</span> <span class='ocrx_word' id='word_1_27' title='bbox 341 374 388 379; x_wconf 89' lang='lat'>-—</span> <span class='ocrx_word' id='word_1_28' title='bbox 431 357 611 390; x_wconf 87' lang='lat' dir='ltr'>contorto</span> <span class='ocrx_word' id='word_1_29' title='bbox 650 353 753 390; x_wconf 85' lang='lat' dir='ltr'>circa</span> <span class='ocrx_word' id='word_1_30' title='bbox 794 356 911 402; x_wconf 86' lang='lat' dir='ltr'>caput</span> <span class='ocrx_word' id='word_1_31' title='bbox 949 350 1109 390; x_wconf 86' lang='lat' dir='ltr'>brachio</span> <span class='ocrx_word' id='word_1_32' title='bbox 1149 351 1323 402; x_wconf 90' lang='lat' dir='ltr'>dirigunt</span> <span class='ocrx_word' id='word_1_33' title='bbox 1361 363 1461 390; x_wconf 85' lang='lat' dir='ltr'>saxa.</span> 
     </span>
     <span class='ocr_line' id='line_1_5' title="bbox 117 409 1462 462; baseline -0.001 -11"><span class='ocrx_word' id='word_1_34' title='bbox 117 412 268 458; x_wconf 86' lang='lat' dir='ltr'>Quibus</span> <span class='ocrx_word' id='word_1_35' title='bbox 295 416 405 450; x_wconf 89' lang='lat' dir='ltr'>scuta</span> <span class='ocrx_word' id='word_1_36' title='bbox 433 410 612 462; x_wconf 80' lang='lat' dir='ltr'>deerant,</span> <span class='ocrx_word' id='word_1_37' title='bbox 633 411 718 448; x_wconf 86' lang='lat' dir='ltr'>siue</span> <span class='ocrx_word' id='word_1_38' title='bbox 744 409 938 461; x_wconf 79' lang='lat' dir='ltr'>lapidibus</span> <span class='ocrx_word' id='word_1_39' title='bbox 960 423 1076 449; x_wconf 88' lang='lat' dir='ltr'>manu</span> <span class='ocrx_word' id='word_1_40' title='bbox 1096 412 1208 449; x_wconf 90' lang='lat' dir='ltr'>iactis</span> <span class='ocrx_word' id='word_1_41' title='bbox 1230 411 1314 448; x_wconf 88' lang='lat' dir='ltr'>siue</span> <span class='ocrx_word' id='word_1_42' title='bbox 1335 411 1462 449; x_wconf 88' lang='lat' dir='ltr'>missi-</span> 
     </span>
     <span class='ocr_line' id='line_1_6' title="bbox 114 468 1500 521; baseline -0.004 -11"><span class='ocrx_word' id='word_1_43' title='bbox 114 470 260 510; x_wconf 75' lang='lat' dir='ltr'>bilibus</span> <span class='ocrx_word' id='word_1_44' title='bbox 291 472 332 509; x_wconf 93' lang='lat' dir='ltr'>in</span> <span class='ocrx_word' id='word_1_45' title='bbox 364 469 439 508; x_wconf 89' lang='lat' dir='ltr'>hoc</span> <span class='ocrx_word' id='word_1_46' title='bbox 471 468 608 507; x_wconf 84' lang='lat' dir='ltr'>ordine</span> <span class='ocrx_word' id='word_1_47' title='bbox 638 469 891 521; x_wconf 78' lang='lat' dir='ltr'>dimicabant,</span> <span class='ocrx_word' id='word_1_48' title='bbox 925 482 1023 520; x_wconf 89' lang='lat' dir='ltr'>quos</span> <span class='ocrx_word' id='word_1_49' title='bbox 1050 481 1238 508; x_wconf 88' lang='lat' dir='ltr'>accensos</span> <span class='ocrx_word' id='word_1_50' title='bbox 1266 474 1463 520; x_wconf 78' lang='lat' dir='ltr'>tamquam</span> <span class='ocrx_word' id='word_1_51' title='bbox 1483 477 1500 504; x_wconf 87' lang='lat'>5</span> 
     </span>
     <span class='ocr_line' id='line_1_7' title="bbox 115 527 1465 579; baseline -0.001 -10"><span class='ocrx_word' id='word_1_52' title='bbox 115 531 290 569; x_wconf 88' lang='lat' dir='ltr'>iuniores</span> <span class='ocrx_word' id='word_1_53' title='bbox 324 535 363 567; x_wconf 93' lang='lat' dir='ltr'>et</span> <span class='ocrx_word' id='word_1_54' title='bbox 393 534 529 579; x_wconf 88' lang='lat' dir='ltr'>postea</span> <span class='ocrx_word' id='word_1_55' title='bbox 561 527 713 566; x_wconf 88' lang='lat' dir='ltr'>additos</span> <span class='ocrx_word' id='word_1_56' title='bbox 746 527 1011 566; x_wconf 82' lang='lat' dir='ltr'>nominabant.</span> <span class='ocrx_word' id='word_1_57' title='bbox 1070 528 1212 567; x_wconf 84' lang='lat' dir='ltr'>Sextus</span> <span class='ocrx_word' id='word_1_58' title='bbox 1245 529 1341 566; x_wconf 85' lang='lat' dir='ltr'>ordo</span> <span class='ocrx_word' id='word_1_59' title='bbox 1374 535 1465 579; x_wconf 87' lang='lat' dir='ltr'>post</span> 
     </span>
     <span class='ocr_line' id='line_1_8' title="bbox 116 588 1464 638; baseline -0.002 -10"><span class='ocrx_word' id='word_1_60' title='bbox 116 600 252 628; x_wconf 87' lang='lat' dir='ltr'>omnes</span> <span class='ocrx_word' id='word_1_61' title='bbox 285 600 305 626; x_wconf 91' lang='lat' dir='ltr'>a</span> <span class='ocrx_word' id='word_1_62' title='bbox 337 588 573 626; x_wconf 87' lang='lat' dir='ltr'>firmissimis</span> <span class='ocrx_word' id='word_1_63' title='bbox 605 592 644 625; x_wconf 88' lang='lat' dir='ltr'>et</span> <span class='ocrx_word' id='word_1_64' title='bbox 676 588 839 625; x_wconf 83' lang='lat' dir='ltr'>scutatis</span> <span class='ocrx_word' id='word_1_65' title='bbox 879 593 917 625; x_wconf 84' lang='lat' dir='ltr'>et</span> <span class='ocrx_word' id='word_1_66' title='bbox 949 589 1055 625; x_wconf 90' lang='lat' dir='ltr'>omni</span> <span class='ocrx_word' id='word_1_67' title='bbox 1087 599 1231 638; x_wconf 83' lang='lat' dir='ltr'>genere</span> <span class='ocrx_word' id='word_1_68' title='bbox 1265 599 1464 626; x_wconf 85' lang='lat' dir='ltr'>armorum</span> 
     </span>
     <span class='ocr_line' id='line_1_9' title="bbox 117 645 1464 697; baseline -0.001 -11"><span class='ocrx_word' id='word_1_69' title='bbox 117 648 277 686; x_wconf 88' lang='lat' dir='ltr'>munitis</span> <span class='ocrx_word' id='word_1_70' title='bbox 298 645 554 685; x_wconf 85' lang='lat' dir='ltr'>bellatoribus</span> <span class='ocrx_word' id='word_1_71' title='bbox 574 645 801 697; x_wconf 82' lang='lat' dir='ltr'>tenebatur3</span> <span class='ocrx_word' id='word_1_72' title='bbox 829 657 926 696; x_wconf 88' lang='lat' dir='ltr'>quos</span> <span class='ocrx_word' id='word_1_73' title='bbox 948 647 1098 696; x_wconf 85' lang='lat' dir='ltr'>antiqui</span> <span class='ocrx_word' id='word_1_74' title='bbox 1119 648 1276 684; x_wconf 82' lang='lat' dir='ltr'>triarios</span> <span class='ocrx_word' id='word_1_75' title='bbox 1297 646 1464 697; x_wconf 87' lang='lat' dir='ltr'>appella-</span> 
     </span>
     <span class='ocr_line' id='line_1_10' title="bbox 115 705 1464 757; baseline -0.001 -12"><span class='ocrx_word' id='word_1_76' title='bbox 115 707 218 745; x_wconf 86' lang='lat' dir='ltr'>bant.</span> <span class='ocrx_word' id='word_1_77' title='bbox 276 705 344 757; x_wconf 91' lang='lat' dir='ltr'>Hi,</span> <span class='ocrx_word' id='word_1_78' title='bbox 377 711 420 744; x_wconf 88' lang='lat' dir='ltr'>ut</span> <span class='ocrx_word' id='word_1_79' title='bbox 451 706 621 755; x_wconf 84' lang='lat' dir='ltr'>requieti</span> <span class='ocrx_word' id='word_1_80' title='bbox 653 710 692 743; x_wconf 88' lang='lat' dir='ltr'>et</span> <span class='ocrx_word' id='word_1_81' title='bbox 723 706 868 755; x_wconf 83' lang='lat' dir='ltr'>integri</span> <span class='ocrx_word' id='word_1_82' title='bbox 900 706 1029 742; x_wconf 84' lang='lat' dir='ltr'>acrius</span> <span class='ocrx_word' id='word_1_83' title='bbox 1056 705 1292 743; x_wconf 85' lang='lat' dir='ltr'>inuaderent</span> <span class='ocrx_word' id='word_1_84' title='bbox 1317 705 1464 757; x_wconf 86' lang='lat' dir='ltr'>hostes,</span> 
     </span>
     <span class='ocr_line' id='line_1_11' title="bbox 114 763 1518 816; baseline -0.001 -12"><span class='ocrx_word' id='word_1_85' title='bbox 114 771 204 816; x_wconf 88' lang='lat' dir='ltr'>post</span> <span class='ocrx_word' id='word_1_86' title='bbox 225 765 380 804; x_wconf 90' lang='lat' dir='ltr'>ultimas</span> <span class='ocrx_word' id='word_1_87' title='bbox 400 765 503 802; x_wconf 86' lang='lat' dir='ltr'>acies</span> <span class='ocrx_word' id='word_1_88' title='bbox 525 763 662 802; x_wconf 89' lang='lat' dir='ltr'>sedere</span> <span class='ocrx_word' id='word_1_89' title='bbox 683 770 984 802; x_wconf 87' lang='lat' dir='ltr'>consueuerant.</span> <span class='ocrx_word' id='word_1_90' title='bbox 1025 763 1065 802; x_wconf 87' lang='lat' dir='ltr'>Si</span> <span class='ocrx_word' id='word_1_91' title='bbox 1086 765 1179 815; x_wconf 88' lang='lat' dir='ltr'>quid</span> <span class='ocrx_word' id='word_1_92' title='bbox 1202 765 1307 802; x_wconf 85' lang='lat' dir='ltr'>enim</span> <span class='ocrx_word' id='word_1_93' title='bbox 1325 765 1463 815; x_wconf 86' lang='lat' dir='ltr'>primis</span> <span class='ocrx_word' id='word_1_94' title='bbox 1485 773 1518 798; x_wconf 88' lang='lat'>10</span> 
     </span>
     <span class='ocr_line' id='line_1_12' title="bbox 115 821 1464 874; baseline -0.001 -11"><span class='ocrx_word' id='word_1_95' title='bbox 115 823 319 863; x_wconf 88' lang='lat' dir='ltr'>ordinibus</span> <span class='ocrx_word' id='word_1_96' title='bbox 357 822 583 874; x_wconf 86' lang='lat' dir='ltr'>accidisset,</span> <span class='ocrx_word' id='word_1_97' title='bbox 621 822 667 861; x_wconf 86' lang='lat' dir='ltr'>de</span> <span class='ocrx_word' id='word_1_98' title='bbox 706 822 847 861; x_wconf 87' lang='lat' dir='ltr'>horum</span> <span class='ocrx_word' id='word_1_99' title='bbox 888 821 1042 860; x_wconf 88' lang='lat' dir='ltr'>uiribus</span> <span class='ocrx_word' id='word_1_100' title='bbox 1080 824 1341 874; x_wconf 87' lang='lat' dir='ltr'>reparationis</span> <span class='ocrx_word' id='word_1_101' title='bbox 1374 835 1464 874; x_wconf 84' lang='lat' dir='ltr'>spes</span> 
     </span>
     <span class='ocr_line' id='line_1_13' title="bbox 115 881 432 933; baseline -0.009 -11"><span class='ocrx_word' id='word_1_102' title='bbox 115 888 194 922; x_wconf 89' lang='lat' dir='ltr'>tota</span> <span class='ocrx_word' id='word_1_103' title='bbox 226 881 432 933; x_wconf 83' lang='lat' dir='ltr'>pendebat.</span> 
     </span>
    </p>

    <p class='ocr_par' dir='ltr' id='par_1_3' title="bbox 112 939 1605 1287">
     <span class='ocr_line' id='line_1_14' title="bbox 221 939 1567 993; baseline 0 -15"><span class='ocrx_word' id='word_1_104' title='bbox 221 940 299 979; x_wconf 91' lang='lat' dir='ltr'>XV.</span> <span class='ocrx_word' id='word_1_105' title='bbox 320 940 546 992; x_wconf 85' lang='lat' dir='ltr'>ExplanatO,</span> <span class='ocrx_word' id='word_1_106' title='bbox 563 939 730 991; x_wconf 87' lang='lat' dir='ltr'>qualiter</span> <span class='ocrx_word' id='word_1_107' title='bbox 745 939 912 978; x_wconf 89' lang='lat' dir='ltr'>debeant</span> <span class='ocrx_word' id='word_1_108' title='bbox 927 941 1030 978; x_wconf 88' lang='lat' dir='ltr'>acies</span> <span class='ocrx_word' id='word_1_109' title='bbox 1045 942 1200 992; x_wconf 85' lang='lat' dir='ltr'>instrui,</span> <span class='ocrx_word' id='word_1_110' title='bbox 1216 953 1320 979; x_wconf 89' lang='lat' dir='ltr'>nunc</span> <span class='ocrx_word' id='word_1_111' title='bbox 1358 967 1433 987; x_wconf 51' lang='lat' dir='ltr'>Ratis,</span> <span class='ocrx_word' id='word_1_112' title='bbox 1450 967 1567 993; x_wconf 54' lang='lat' dir='ltr'>pansus,</span> 
     </span>
     <span class='ocr_line' id='line_1_15' title="bbox 116 997 1605 1051; baseline -0.001 -12"><span class='ocrx_word' id='word_1_113' title='bbox 116 1000 335 1051; x_wconf 86' lang='lat' dir='ltr'>podismum</span> <span class='ocrx_word' id='word_1_114' title='bbox 362 1011 665 1050; x_wconf 87' lang='lat' dir='ltr'>mensuramque</span> <span class='ocrx_word' id='word_1_115' title='bbox 692 1000 816 1050; x_wconf 87' lang='lat' dir='ltr'>ipsius</span> <span class='ocrx_word' id='word_1_116' title='bbox 837 999 1094 1037; x_wconf 84' lang='lat' dir='ltr'>ordinationis</span> <span class='ocrx_word' id='word_1_117' title='bbox 1115 1011 1319 1050; x_wconf 82' lang='lat' dir='ltr'>exponam.</span> <span class='ocrx_word' id='word_1_118' title='bbox 1334 997 1605 1047; x_wconf 53' lang='lat' dir='ltr'>ffaffleminffgjtffiffi</span> 
     </span>
     <span class='ocr_line' id='line_1_16' title="bbox 114 1056 1604 1111; baseline -0.002 -13"><span class='ocrx_word' id='word_1_119' title='bbox 114 1059 157 1098; x_wconf 91' lang='lat' dir='ltr'>In</span> <span class='ocrx_word' id='word_1_120' title='bbox 178 1058 282 1098; x_wconf 88' lang='lat' dir='ltr'>mille</span> <span class='ocrx_word' id='word_1_121' title='bbox 297 1058 477 1110; x_wconf 84' lang='lat' dir='ltr'>passibus</span> <span class='ocrx_word' id='word_1_122' title='bbox 493 1060 618 1109; x_wconf 89' lang='lat' dir='ltr'>campi</span> <span class='ocrx_word' id='word_1_123' title='bbox 640 1070 714 1096; x_wconf 87' lang='lat' dir='ltr'>una</span> <span class='ocrx_word' id='word_1_124' title='bbox 736 1059 839 1096; x_wconf 91' lang='lat' dir='ltr'>acies</span> <span class='ocrx_word' id='word_1_125' title='bbox 863 1057 964 1096; x_wconf 89' lang='lat' dir='ltr'>mille</span> <span class='ocrx_word' id='word_1_126' title='bbox 988 1063 1189 1097; x_wconf 85' lang='lat' dir='ltr'>sescentos</span> <span class='ocrx_word' id='word_1_127' title='bbox 1211 1071 1317 1096; x_wconf 87' lang='lat' dir='ltr'>sexa·</span> <span class='ocrx_word' id='word_1_128' title='bbox 1333 1056 1604 1111; x_wconf 48' lang='grc' dir='ltr'>ᾗΐζζῃῇᾕζζῗῖζζῖ</span> 
     </span>
     <span class='ocr_line' id='line_1_17' title="bbox 115 1115 1604 1169; baseline -0.001 -13"><span class='ocrx_word' id='word_1_129' title='bbox 115 1120 219 1169; x_wconf 88' lang='lat' dir='ltr'>ginta</span> <span class='ocrx_word' id='word_1_130' title='bbox 246 1130 312 1156; x_wconf 85' lang='lat' dir='ltr'>sex</span> <span class='ocrx_word' id='word_1_131' title='bbox 342 1118 530 1167; x_wconf 81' lang='lat' dir='ltr'>suscipiet</span> <span class='ocrx_word' id='word_1_132' title='bbox 552 1117 714 1169; x_wconf 79' lang='lat' dir='ltr'>pedites,</span> <span class='ocrx_word' id='word_1_133' title='bbox 735 1122 944 1168; x_wconf 86' lang='lat' dir='ltr'>propterea</span> <span class='ocrx_word' id='word_1_134' title='bbox 965 1118 1056 1168; x_wconf 88' lang='lat' dir='ltr'>quia</span> <span class='ocrx_word' id='word_1_135' title='bbox 1078 1117 1222 1168; x_wconf 88' lang='lat' dir='ltr'>singuli</span> <span class='ocrx_word' id='word_1_136' title='bbox 1247 1130 1316 1168; x_wconf 92' lang='lat' dir='ltr'>pu·</span> <span class='ocrx_word' id='word_1_137' title='bbox 1332 1115 1604 1165; x_wconf 48' lang='lat' dir='ltr'>fffigssngg‘gffifficff}</span> 
     </span>
     <span class='ocr_line' id='line_1_18' title="bbox 113 1175 1434 1228; baseline -0.001 -13"><span class='ocrx_word' id='word_1_138' title='bbox 113 1182 298 1228; x_wconf 88' lang='lat' dir='ltr'>gnatores</span> <span class='ocrx_word' id='word_1_139' title='bbox 310 1181 443 1215; x_wconf 84' lang='lat' dir='ltr'>ternos</span> <span class='ocrx_word' id='word_1_140' title='bbox 453 1181 645 1227; x_wconf 85' lang='lat' dir='ltr'>occupant</span> <span class='ocrx_word' id='word_1_141' title='bbox 656 1176 788 1227; x_wconf 88' lang='lat' dir='ltr'>pedes.</span> <span class='ocrx_word' id='word_1_142' title='bbox 811 1175 922 1221; x_wconf 88' lang='lat' dir='ltr'>Quod</span> <span class='ocrx_word' id='word_1_143' title='bbox 933 1177 1039 1214; x_wconf 84' lang='lat' dir='ltr'>sisex</span> <span class='ocrx_word' id='word_1_144' title='bbox 1051 1178 1154 1215; x_wconf 87' lang='lat' dir='ltr'>acies</span> <span class='ocrx_word' id='word_1_145' title='bbox 1166 1178 1205 1215; x_wconf 91' lang='lat' dir='ltr'>in</span> <span class='ocrx_word' id='word_1_146' title='bbox 1215 1176 1319 1215; x_wconf 91' lang='lat' dir='ltr'>mille</span> <span class='ocrx_word' id='word_1_147' title='bbox 1336 1175 1434 1195; x_wconf 64' lang='lat' dir='ltr'>swam.</span> 
     </span>
     <span class='ocr_line' id='line_1_19' title="bbox 112 1234 1463 1287; baseline 0 -13"><span class='ocrx_word' id='word_1_148' title='bbox 112 1235 294 1287; x_wconf 87' lang='lat' dir='ltr'>passibus</span> <span class='ocrx_word' id='word_1_149' title='bbox 310 1236 437 1286; x_wconf 89' lang='lat' dir='ltr'>campi</span> <span class='ocrx_word' id='word_1_150' title='bbox 451 1234 626 1273; x_wconf 88' lang='lat' dir='ltr'>uolueris</span> <span class='ocrx_word' id='word_1_151' title='bbox 644 1235 839 1286; x_wconf 85' lang='lat' dir='ltr'>ordinare,</span> <span class='ocrx_word' id='word_1_152' title='bbox 854 1247 997 1273; x_wconf 90' lang='lat' dir='ltr'>nouem</span> <span class='ocrx_word' id='word_1_153' title='bbox 1016 1235 1119 1274; x_wconf 90' lang='lat' dir='ltr'>milia</span> <span class='ocrx_word' id='word_1_154' title='bbox 1139 1237 1328 1286; x_wconf 89' lang='lat' dir='ltr'>nongenti</span> <span class='ocrx_word' id='word_1_155' title='bbox 1345 1248 1463 1274; x_wconf 89' lang='lat' dir='ltr'>nona-</span> 
     </span>
    </p>
   </div>
   <div class='ocr_carea' id='block_1_3' title="bbox 113 1294 1463 1345">
    <p class='ocr_par' dir='ltr' id='par_1_4' title="bbox 113 1294 1463 1345">
     <span class='ocr_line' id='line_1_20' title="bbox 113 1294 1463 1345; baseline 0.001 -13"><span class='ocrx_word' id='word_1_156' title='bbox 113 1296 218 1345; x_wconf 86' lang='lat' dir='ltr'>ginta</span> <span class='ocrx_word' id='word_1_157' title='bbox 234 1307 300 1333; x_wconf 84' lang='lat' dir='ltr'>sex</span> <span class='ocrx_word' id='word_1_158' title='bbox 316 1294 469 1344; x_wconf 87' lang='lat' dir='ltr'>pedites</span> <span class='ocrx_word' id='word_1_159' title='bbox 481 1299 573 1332; x_wconf 90' lang='lat' dir='ltr'>sunt</span> <span class='ocrx_word' id='word_1_160' title='bbox 584 1295 808 1333; x_wconf 86' lang='lat' dir='ltr'>necessarii.</span> <span class='ocrx_word' id='word_1_161' title='bbox 831 1294 871 1332; x_wconf 89' lang='lat' dir='ltr'>Si</span> <span class='ocrx_word' id='word_1_162' title='bbox 884 1300 1014 1332; x_wconf 87' lang='lat' dir='ltr'>autem</span> <span class='ocrx_word' id='word_1_163' title='bbox 1028 1296 1068 1333; x_wconf 93' lang='lat' dir='ltr'>in</span> <span class='ocrx_word' id='word_1_164' title='bbox 1081 1301 1194 1333; x_wconf 85' lang='lat' dir='ltr'>terno</span> <span class='ocrx_word' id='word_1_165' title='bbox 1207 1294 1312 1333; x_wconf 90' lang='lat' dir='ltr'>hunc</span> <span class='ocrx_word' id='word_1_166' title='bbox 1329 1307 1463 1333; x_wconf 89' lang='lat' dir='ltr'>nume-</span> 
     </span>
    </p>
   </div>
   <div class='ocr_carea' id='block_1_4' title="bbox 112 1383 1463 1479">
    <p class='ocr_par' dir='ltr' id='par_1_5' title="bbox 112 1383 1463 1479">
     <span class='ocr_line' id='line_1_21' title="bbox 137 1383 1463 1433; baseline -0.001 -14"><span class='ocrx_word' id='word_1_167' title='bbox 137 1384 179 1419; x_wconf 92' lang='lat' dir='ltr'>V.</span> <span class='ocrx_word' id='word_1_168' title='bbox 207 1384 246 1419; x_wconf 94' lang='lat' dir='ltr'>L.</span> <span class='ocrx_word' id='word_1_169' title='bbox 346 1395 436 1419; x_wconf 77' lang='lat' dir='ltr'>corr.</span> <span class='ocrx_word' id='word_1_170' title='bbox 469 1384 510 1418; x_wconf 72' lang='lat' dir='ltr'>in</span> <span class='ocrx_word' id='word_1_171' title='bbox 540 1395 606 1429; x_wconf 85' lang='lat' dir='ltr'>per</span> <span class='ocrx_word' id='word_1_172' title='bbox 637 1384 732 1418; x_wconf 85' lang='lat' dir='ltr'>med.</span> <span class='ocrx_word' id='word_1_173' title='bbox 759 1383 795 1418; x_wconf 83' lang='lat' dir='ltr'><strong><em>A</em></strong></span> <span class='ocrx_word' id='word_1_174' title='bbox 829 1384 918 1419; x_wconf 79' lang='lat' dir='ltr'>Par.</span> <span class='ocrx_word' id='word_1_175' title='bbox 946 1387 1043 1419; x_wconf 83' lang='lat'><em>6503</em></span> <span class='ocrx_word' id='word_1_176' title='bbox 1075 1395 1141 1428; x_wconf 83' lang='lat' dir='ltr'>pro</span> <span class='ocrx_word' id='word_1_177' title='bbox 1175 1384 1270 1418; x_wconf 88' lang='lat' dir='ltr'>med.</span> <span class='ocrx_word' id='word_1_178' title='bbox 1298 1383 1347 1418; x_wconf 88' lang='lat' dir='ltr'><em>M</em></span> <span class='ocrx_word' id='word_1_179' title='bbox 1375 1395 1463 1433; x_wconf 51' lang='lat' dir='ltr'>gare-</span> 
     </span>
     <span class='ocr_line' id='line_1_22' title="bbox 112 1431 1462 1479; baseline -0.001 -13"><span class='ocrx_word' id='word_1_180' title='bbox 112 1431 233 1466; x_wconf 81' lang='lat' dir='ltr'>medio</span> <span class='ocrx_word' id='word_1_181' title='bbox 254 1433 294 1465; x_wconf 99' lang='lat' dir='ltr'><em>H</em></span> <span class='ocrx_word' id='word_1_182' title='bbox 315 1442 393 1479; x_wconf 50' lang='lat' dir='ltr'>&amp;pe</span> <span class='ocrx_word' id='word_1_183' title='bbox 414 1431 578 1465; x_wconf 84' lang='lat' dir='ltr'>medium</span> <span class='ocrx_word' id='word_1_184' title='bbox 599 1432 621 1464; x_wconf 84' lang='grc' dir='ltr'><em>ὃ</em></span> <span class='ocrx_word' id='word_1_185' title='bbox 685 1435 701 1465; x_wconf 93' lang='grc'>1</span> <span class='ocrx_word' id='word_1_186' title='bbox 729 1431 861 1477; x_wconf 85' lang='lat' dir='ltr'>prope]</span> <span class='ocrx_word' id='word_1_187' title='bbox 884 1431 986 1475; x_wconf 85' lang='lat' dir='ltr'>quasi</span> <span class='ocrx_word' id='word_1_188' title='bbox 1006 1432 1068 1465; x_wconf 83' lang='grc' dir='ltr'>δΡ</span> <span class='ocrx_word' id='word_1_189' title='bbox 1122 1436 1144 1465; x_wconf 87' lang='grc'>4</span> <span class='ocrx_word' id='word_1_190' title='bbox 1170 1431 1271 1466; x_wconf 83' lang='lat' dir='ltr'>scuta</span> <span class='ocrx_word' id='word_1_191' title='bbox 1291 1432 1462 1478; x_wconf 77' lang='lat' dir='ltr'>deerant]</span> 
     </span>
    </p>
   </div>
   <div class='ocr_carea' id='block_1_5' title="bbox 111 1489 1467 1972">
    <p class='ocr_par' dir='ltr' id='par_1_6' title="bbox 113 1489 1464 1595">
     <span class='ocr_line' id='line_1_23' title="bbox 113 1489 1464 1547; baseline 0.001 -11"><span class='ocrx_word' id='word_1_192' title='bbox 113 1501 237 1536; x_wconf 73' lang='lat' dir='ltr'>cuncti</span> <span class='ocrx_word' id='word_1_193' title='bbox 256 1501 291 1535; x_wconf 85' lang='lat' dir='ltr'><em>L</em></span> <span class='ocrx_word' id='word_1_194' title='bbox 317 1489 439 1536; x_wconf 64' lang='lat'>052011</span> <span class='ocrx_word' id='word_1_195' title='bbox 463 1501 492 1547; x_wconf 71' lang='grc' dir='ltr'>ρ</span> <span class='ocrx_word' id='word_1_196' title='bbox 549 1501 692 1547; x_wconf 78' lang='lat' dir='ltr'>[manu]</span> <span class='ocrx_word' id='word_1_197' title='bbox 720 1502 757 1535; x_wconf 86' lang='lat' dir='ltr'><em>P</em></span> <span class='ocrx_word' id='word_1_198' title='bbox 812 1501 1010 1536; x_wconf 72' lang='lat' dir='ltr'>missffibus</span> <span class='ocrx_word' id='word_1_199' title='bbox 1031 1502 1107 1535; x_wconf 78' lang='grc' dir='ltr'>ΠΡ</span> <span class='ocrx_word' id='word_1_200' title='bbox 1168 1506 1188 1536; x_wconf 89' lang='lat'>5</span> <span class='ocrx_word' id='word_1_201' title='bbox 1216 1501 1464 1547; x_wconf 42' lang='lat' dir='ltr'>dimicabant</span> 
     </span>
     <span class='ocr_line' id='line_1_24' title="bbox 115 1548 1464 1595; baseline 0.001 -12"><span class='ocrx_word' id='word_1_202' title='bbox 115 1570 157 1574; x_wconf 97' lang='lat'><strong>—</strong></span> <span class='ocrx_word' id='word_1_203' title='bbox 179 1549 438 1595; x_wconf 81' lang='lat' dir='ltr'>nomina]bant</span> <span class='ocrx_word' id='word_1_204' title='bbox 463 1561 479 1583; x_wconf 76' lang='grc' dir='ltr'><strong><em>ε</em></strong></span> <span class='ocrx_word' id='word_1_205' title='bbox 549 1548 712 1583; x_wconf 82' lang='lat' dir='ltr'>accessos</span> <span class='ocrx_word' id='word_1_206' title='bbox 731 1550 794 1582; x_wconf 80' lang='grc' dir='ltr'>δΡ</span> <span class='ocrx_word' id='word_1_207' title='bbox 860 1553 878 1583; x_wconf 82' lang='lat'>7</span> <span class='ocrx_word' id='word_1_208' title='bbox 907 1550 953 1583; x_wconf 82' lang='lat' dir='ltr'>ad</span> <span class='ocrx_word' id='word_1_209' title='bbox 980 1549 1194 1583; x_wconf 83' lang='lat' dir='ltr'>firmissimis</span> <span class='ocrx_word' id='word_1_210' title='bbox 1216 1563 1240 1583; x_wconf 78' lang='grc' dir='ltr'>α</span> <span class='ocrx_word' id='word_1_211' title='bbox 1303 1549 1355 1595; x_wconf 87' lang='lat' dir='ltr'>et]</span> <span class='ocrx_word' id='word_1_212' title='bbox 1382 1550 1419 1584; x_wconf 88' lang='lat' dir='ltr'>in</span> <span class='ocrx_word' id='word_1_213' title='bbox 1441 1552 1464 1584; x_wconf 78' lang='grc' dir='ltr'><em>ὃ</em></span> 
     </span>
    </p>

    <p class='ocr_par' dir='ltr' id='par_1_7' title="bbox 210 1596 1461 1642">
     <span class='ocr_line' id='line_1_25' title="bbox 210 1596 1461 1642; baseline 0 -11"><span class='ocrx_word' id='word_1_214' title='bbox 210 1597 264 1641; x_wconf 87' lang='lat' dir='ltr'>[et</span> <span class='ocrx_word' id='word_1_215' title='bbox 289 1596 378 1631; x_wconf 84' lang='lat' dir='ltr'>scut.</span> <span class='ocrx_word' id='word_1_216' title='bbox 408 1617 450 1621; x_wconf 88' lang='lat'>—</span> <span class='ocrx_word' id='word_1_217' title='bbox 477 1596 681 1642; x_wconf 83' lang='lat' dir='ltr'>armorum]</span> <span class='ocrx_word' id='word_1_218' title='bbox 710 1596 765 1641; x_wconf 63' lang='lat' dir='ltr'>M,</span> <span class='ocrx_word' id='word_1_219' title='bbox 802 1597 862 1631; x_wconf 82' lang='lat' dir='ltr'>sed</span> <span class='ocrx_word' id='word_1_220' title='bbox 887 1597 928 1631; x_wconf 76' lang='lat' dir='ltr'>in</span> <span class='ocrx_word' id='word_1_221' title='bbox 953 1598 1117 1641; x_wconf 63' lang='lat' dir='ltr'>nacor-ytue</span> <span class='ocrx_word' id='word_1_222' title='bbox 1143 1608 1165 1630; x_wconf 77' lang='lat' dir='ltr'>a</span> <span class='ocrx_word' id='word_1_223' title='bbox 1193 1601 1213 1631; x_wconf 87' lang='lat'><strong><em>1</em></strong></span> <span class='ocrx_word' id='word_1_224' title='bbox 1246 1598 1461 1641; x_wconf 72' lang='lat' dir='ltr'>suppletum.</span> 
     </span>
    </p>

    <p class='ocr_par' dir='ltr' id='par_1_8' title="bbox 113 1643 1460 1735">
     <span class='ocr_line' id='line_1_26' title="bbox 208 1643 1460 1689; baseline 0.001 -12"><span class='ocrx_word' id='word_1_225' title='bbox 208 1647 228 1677; x_wconf 83' lang='grc'><strong>9</strong></span> <span class='ocrx_word' id='word_1_226' title='bbox 256 1645 297 1677; x_wconf 90' lang='lat' dir='ltr'>ut</span> <span class='ocrx_word' id='word_1_227' title='bbox 323 1643 495 1688; x_wconf 73' lang='lat' dir='ltr'>requieti]</span> <span class='ocrx_word' id='word_1_228' title='bbox 522 1643 577 1678; x_wconf 90' lang='lat' dir='ltr'>uti</span> <span class='ocrx_word' id='word_1_229' title='bbox 604 1643 722 1687; x_wconf 89' lang='lat' dir='ltr'>quieti</span> <span class='ocrx_word' id='word_1_230' title='bbox 744 1646 781 1678; x_wconf 89' lang='grc' dir='ltr'>Π</span> <span class='ocrx_word' id='word_1_231' title='bbox 854 1648 893 1678; x_wconf 94' lang='grc'>11</span> <span class='ocrx_word' id='word_1_232' title='bbox 924 1644 968 1679; x_wconf 89' lang='lat' dir='ltr'>de</span> <span class='ocrx_word' id='word_1_233' title='bbox 995 1643 1144 1689; x_wconf 82' lang='lat' dir='ltr'>horum]</span> <span class='ocrx_word' id='word_1_234' title='bbox 1173 1644 1327 1678; x_wconf 85' lang='lat' dir='ltr'>deorum</span> <span class='ocrx_word' id='word_1_235' title='bbox 1353 1646 1384 1689; x_wconf 71' lang='grc' dir='ltr'>λ1</span> <span class='ocrx_word' id='word_1_236' title='bbox 1416 1645 1460 1678; x_wconf 89' lang='lat' dir='ltr'>de</span> 
     </span>
     <span class='ocr_line' id='line_1_27' title="bbox 113 1691 736 1735; baseline -0.003 -9"><span class='ocrx_word' id='word_1_237' title='bbox 113 1701 238 1726; x_wconf 84' lang='lat' dir='ltr'>eorum</span> <span class='ocrx_word' id='word_1_238' title='bbox 265 1691 327 1724; x_wconf 85' lang='grc' dir='ltr'>δΡ</span> <span class='ocrx_word' id='word_1_239' title='bbox 424 1694 465 1725; x_wconf 82' lang='lat'>12</span> <span class='ocrx_word' id='word_1_240' title='bbox 491 1691 672 1735; x_wconf 86' lang='lat' dir='ltr'>penderet</span> <span class='ocrx_word' id='word_1_241' title='bbox 696 1693 736 1724; x_wconf 89' lang='lat' dir='ltr'><em>H</em></span> 
     </span>
    </p>

    <p class='ocr_par' dir='ltr' id='par_1_9' title="bbox 111 1736 1467 1972">
     <span class='ocr_line' id='line_1_28' title="bbox 209 1736 1462 1784; baseline 0.001 -12"><span class='ocrx_word' id='word_1_242' title='bbox 209 1736 290 1772; x_wconf 77' lang='lat' dir='ltr'>CAP.</span> <span class='ocrx_word' id='word_1_243' title='bbox 316 1737 394 1773; x_wconf 88' lang='lat' dir='ltr'>XV.</span> <span class='ocrx_word' id='word_1_244' title='bbox 494 1741 536 1771; x_wconf 89' lang='grc'>13</span> <span class='ocrx_word' id='word_1_245' title='bbox 565 1737 759 1784; x_wconf 84' lang='lat' dir='ltr'>[debeant]</span> <span class='ocrx_word' id='word_1_246' title='bbox 787 1739 827 1771; x_wconf 88' lang='lat' dir='ltr'><em>H</em></span> <span class='ocrx_word' id='word_1_247' title='bbox 920 1742 963 1772; x_wconf 83' lang='lat'>14</span> <span class='ocrx_word' id='word_1_248' title='bbox 990 1739 1042 1772; x_wconf 70' lang='lat' dir='ltr'>In</span> <span class='ocrx_word' id='word_1_249' title='bbox 1068 1740 1107 1771; x_wconf 88' lang='lat' dir='ltr'><em>H</em></span> <span class='ocrx_word' id='word_1_250' title='bbox 1130 1749 1235 1772; x_wconf 76' lang='lat' dir='ltr'>erasa</span> <span class='ocrx_word' id='word_1_251' title='bbox 1260 1742 1346 1772; x_wconf 69' lang='lat' dir='ltr'>sunt</span> <span class='ocrx_word' id='word_1_252' title='bbox 1371 1750 1462 1783; x_wconf 75' lang='lat' dir='ltr'>quae</span> 
     </span>
     <span class='ocr_line' id='line_1_29' title="bbox 113 1784 1462 1830; baseline 0 -10"><span class='ocrx_word' id='word_1_253' title='bbox 113 1786 321 1830; x_wconf 68' lang='lat' dir='ltr'>leyebantm·</span> <span class='ocrx_word' id='word_1_254' title='bbox 341 1786 435 1820; x_wconf 77' lang='lat' dir='ltr'>inter</span> <span class='ocrx_word' id='word_1_255' title='bbox 457 1796 637 1829; x_wconf 83' lang='lat' dir='ltr'>exponam</span> <span class='ocrx_word' id='word_1_256' title='bbox 663 1789 694 1819; x_wconf 83' lang='lat' dir='ltr'>et</span> <span class='ocrx_word' id='word_1_257' title='bbox 720 1784 821 1820; x_wconf 82' lang='lat' dir='ltr'>acies</span> <span class='ocrx_word' id='word_1_258' title='bbox 843 1784 944 1820; x_wconf 85' lang='lat' dir='ltr'>mille</span> <span class='ocrx_word' id='word_1_259' title='bbox 971 1797 1033 1820; x_wconf 72' lang='lat' dir='ltr'>uec</span> <span class='ocrx_word' id='word_1_260' title='bbox 1059 1789 1164 1820; x_wconf 73' lang='lat' dir='ltr'>tanta</span> <span class='ocrx_word' id='word_1_261' title='bbox 1191 1789 1297 1820; x_wconf 71' lang='lat' dir='ltr'>eram</span> <span class='ocrx_word' id='word_1_262' title='bbox 1322 1790 1462 1830; x_wconf 72' lang='lat' dir='ltr'>quanta</span> 
     </span>
     <span class='ocr_line' id='line_1_30' title="bbox 114 1832 1467 1877; baseline 0.001 -11"><span class='ocrx_word' id='word_1_263' title='bbox 114 1834 153 1866; x_wconf 73' lang='lat' dir='ltr'>in</span> <span class='ocrx_word' id='word_1_264' title='bbox 184 1834 288 1876; x_wconf 58' lang='lat' dir='ltr'>edit.,·</span> <span class='ocrx_word' id='word_1_265' title='bbox 320 1833 475 1876; x_wconf 73' lang='lat' dir='ltr'>antiqua</span> <span class='ocrx_word' id='word_1_266' title='bbox 505 1843 636 1867; x_wconf 72' lang='lat' dir='ltr'>manus</span> <span class='ocrx_word' id='word_1_267' title='bbox 667 1833 880 1877; x_wconf 70' lang='lat' dir='ltr'>adscripsit:</span> <span class='ocrx_word' id='word_1_268' title='bbox 924 1833 1020 1867; x_wconf 76' lang='lat' dir='ltr'>Nam</span> <span class='ocrx_word' id='word_1_269' title='bbox 1052 1833 1090 1866; x_wconf 87' lang='lat' dir='ltr'>in</span> <span class='ocrx_word' id='word_1_270' title='bbox 1126 1832 1229 1867; x_wconf 87' lang='lat' dir='ltr'>mille</span> <span class='ocrx_word' id='word_1_271' title='bbox 1254 1833 1467 1877; x_wconf 86' lang='lat' dir='ltr'>nungentos</span> 
     </span>
     <span class='ocr_line' id='line_1_31' title="bbox 111 1878 1461 1925; baseline 0.001 -11"><span class='ocrx_word' id='word_1_272' title='bbox 111 1878 316 1924; x_wconf 73' lang='lat' dir='ltr'>nonaginta</span> <span class='ocrx_word' id='word_1_273' title='bbox 343 1882 426 1915; x_wconf 89' lang='lat' dir='ltr'>octo</span> <span class='ocrx_word' id='word_1_274' title='bbox 452 1879 567 1924; x_wconf 84' lang='lat' dir='ltr'>pedes</span> <span class='ocrx_word' id='word_1_275' title='bbox 587 1881 687 1922; x_wconf 71' lang='lat' dir='ltr'>(inde</span> <span class='ocrx_word' id='word_1_276' title='bbox 713 1881 758 1915; x_wconf 75' lang='lat' dir='ltr'>ab</span> <span class='ocrx_word' id='word_1_277' title='bbox 785 1881 873 1924; x_wconf 82' lang='lat' dir='ltr'>agin</span> <span class='ocrx_word' id='word_1_278' title='bbox 893 1882 933 1914; x_wconf 76' lang='lat' dir='ltr'>in</span> <span class='ocrx_word' id='word_1_279' title='bbox 953 1881 1116 1925; x_wconf 39' lang='lat' dir='ltr'>mar-(sine</span> <span class='ocrx_word' id='word_1_280' title='bbox 1136 1881 1323 1923; x_wconf 69' lang='lat' dir='ltr'>interiore)</span> <span class='ocrx_word' id='word_1_281' title='bbox 1331 1894 1343 1922; x_wconf 89' lang='grc'>,·</span> <span class='ocrx_word' id='word_1_282' title='bbox 1369 1881 1461 1915; x_wconf 74' lang='lat' dir='ltr'>idem</span> 
     </span>
     <span class='ocr_line' id='line_1_32' title="bbox 113 1927 1462 1972; baseline 0.001 -12"><span class='ocrx_word' id='word_1_283' title='bbox 113 1928 318 1962; x_wconf 73' lang='lat' dir='ltr'>emendator</span> <span class='ocrx_word' id='word_1_284' title='bbox 338 1929 379 1961; x_wconf 73' lang='lat' dir='ltr'>in</span> <span class='ocrx_word' id='word_1_285' title='bbox 398 1928 558 1971; x_wconf 64' lang='lat' dir='ltr'>sequenti</span> <span class='ocrx_word' id='word_1_286' title='bbox 583 1938 692 1962; x_wconf 77' lang='lat' dir='ltr'>uersu</span> <span class='ocrx_word' id='word_1_287' title='bbox 711 1927 749 1961; x_wconf 88' lang='lat' dir='ltr'>in</span> <span class='ocrx_word' id='word_1_288' title='bbox 771 1928 874 1961; x_wconf 86' lang='lat' dir='ltr'>mille</span> <span class='ocrx_word' id='word_1_289' title='bbox 894 1927 1059 1971; x_wconf 82' lang='lat' dir='ltr'>passibus</span> <span class='ocrx_word' id='word_1_290' title='bbox 1075 1928 1186 1961; x_wconf 74' lang='lat' dir='ltr'>erasit</span> <span class='ocrx_word' id='word_1_291' title='bbox 1205 1928 1462 1972; x_wconf 70' lang='lat' dir='ltr'>substituitque</span> 
     </span>
    </p>
   </div>
   <div class='ocr_carea' id='block_1_6' title="bbox 111 1978 1461 2175">
    <p class='ocr_par' dir='ltr' id='par_1_10' title="bbox 111 1978 1461 2175">
     <span class='ocr_line' id='line_1_33' title="bbox 112 1978 1461 2041; baseline 0.001 -10"><span class='ocrx_word' id='word_1_292' title='bbox 112 1978 491 2032; x_wconf 70' lang='lat' dir='ltr'>iiiinccccxcvin</span> <span class='ocrx_word' id='word_1_293' title='bbox 522 1997 679 2041; x_wconf 70' lang='lat' dir='ltr'>pedibus</span> <span class='ocrx_word' id='word_1_294' title='bbox 784 1997 924 2032; x_wconf 67' lang='lat' dir='ltr'>ordinis</span> <span class='ocrx_word' id='word_1_295' title='bbox 953 2000 974 2032; x_wconf 72' lang='lat' dir='ltr'>a</span> <span class='ocrx_word' id='word_1_296' title='bbox 1086 2002 1125 2031; x_wconf 83' lang='lat'>15</span> <span class='ocrx_word' id='word_1_297' title='bbox 1161 1997 1352 2032; x_wconf 71' lang='lat' dir='ltr'>sexcentos</span> <span class='ocrx_word' id='word_1_298' title='bbox 1380 1998 1461 2032; x_wconf 60' lang='lat' dir='ltr'>Gan</span> 
     </span>
     <span class='ocr_line' id='line_1_34' title="bbox 188 2044 1461 2090; baseline -0.002 -10"><span class='ocrx_word' id='word_1_299' title='bbox 188 2049 229 2080; x_wconf 85' lang='grc'>16</span> <span class='ocrx_word' id='word_1_300' title='bbox 256 2045 427 2089; x_wconf 81' lang='lat' dir='ltr'>suscipiet</span> <span class='ocrx_word' id='word_1_301' title='bbox 446 2046 520 2079; x_wconf 58' lang='lat' dir='ltr'>An*</span> <span class='ocrx_word' id='word_1_302' title='bbox 548 2044 695 2089; x_wconf 81' lang='lat' dir='ltr'>suscipit</span> <span class='ocrx_word' id='word_1_303' title='bbox 718 2044 875 2081; x_wconf 82' lang='lat' dir='ltr'><strong><em>MGLP</em></strong></span> <span class='ocrx_word' id='word_1_304' title='bbox 895 2045 1052 2090; x_wconf 84' lang='lat' dir='ltr'>suscipet</span> <span class='ocrx_word' id='word_1_305' title='bbox 1077 2057 1166 2080; x_wconf 76' lang='lat' dir='ltr'>corr.</span> <span class='ocrx_word' id='word_1_306' title='bbox 1195 2047 1235 2079; x_wconf 73' lang='lat' dir='ltr'>in</span> <span class='ocrx_word' id='word_1_307' title='bbox 1261 2045 1410 2089; x_wconf 78' lang='lat' dir='ltr'>suscipit</span> <span class='ocrx_word' id='word_1_308' title='bbox 1432 2046 1461 2090; x_wconf 73' lang='lat' dir='ltr'><em>Q</em></span> 
     </span>
     <span class='ocr_line' id='line_1_35' title="bbox 185 2092 1458 2138; baseline 0 -12"><span class='ocrx_word' id='word_1_309' title='bbox 185 2093 290 2138; x_wconf 83' lang='lat' dir='ltr'>quia]</span> <span class='ocrx_word' id='word_1_310' title='bbox 318 2092 418 2136; x_wconf 84' lang='lat' dir='ltr'>quasi</span> <span class='ocrx_word' id='word_1_311' title='bbox 445 2095 482 2126; x_wconf 92' lang='lat' dir='ltr'><em>H</em></span> <span class='ocrx_word' id='word_1_312' title='bbox 556 2095 598 2126; x_wconf 85' lang='grc'>18</span> <span class='ocrx_word' id='word_1_313' title='bbox 626 2092 834 2137; x_wconf 81' lang='lat' dir='ltr'>nongentos</span> <span class='ocrx_word' id='word_1_314' title='bbox 854 2095 978 2137; x_wconf 84' lang='lat' dir='ltr'>(nung.</span> <span class='ocrx_word' id='word_1_315' title='bbox 1001 2093 1051 2137; x_wconf 69' lang='grc' dir='ltr'>α’)</span> <span class='ocrx_word' id='word_1_316' title='bbox 1074 2093 1130 2127; x_wconf 50' lang='lat' dir='ltr'>&amp;P</span> <span class='ocrx_word' id='word_1_317' title='bbox 1202 2096 1243 2127; x_wconf 84' lang='lat'>19</span> <span class='ocrx_word' id='word_1_318' title='bbox 1271 2093 1309 2126; x_wconf 88' lang='lat' dir='ltr'>in</span> <span class='ocrx_word' id='word_1_319' title='bbox 1335 2093 1458 2138; x_wconf 87' lang='lat' dir='ltr'>terno]</span> 
     </span>
     <span class='ocr_line' id='line_1_36' title="bbox 111 2139 551 2175; baseline 0 -1"><span class='ocrx_word' id='word_1_320' title='bbox 111 2139 150 2173; x_wconf 86' lang='lat' dir='ltr'>in</span> <span class='ocrx_word' id='word_1_321' title='bbox 175 2140 302 2174; x_wconf 85' lang='lat' dir='ltr'>ternos</span> <span class='ocrx_word' id='word_1_322' title='bbox 323 2140 470 2174; x_wconf 80' lang='lat' dir='ltr'>ordines</span> <span class='ocrx_word' id='word_1_323' title='bbox 490 2140 551 2175; x_wconf 73' lang='lat' dir='ltr'>aP</span> 
     </span>
    </p>
   </div>
   <div class='ocr_carea' id='block_1_7' title="bbox 139 2208 1465 2327">
    <p class='ocr_par' dir='ltr' id='par_1_11' title="bbox 139 2208 1465 2327">
     <span class='ocr_line' id='line_1_37' title="bbox 139 2208 1465 2275; baseline 0.001 -19"><span class='ocrx_word' id='word_1_324' title='bbox 139 2222 173 2256; x_wconf 82' lang='lat' dir='ltr'>S.</span> <span class='ocrx_word' id='word_1_325' title='bbox 200 2221 238 2256; x_wconf 87' lang='lat' dir='ltr'>L.</span> <span class='ocrx_word' id='word_1_326' title='bbox 315 2226 333 2256; x_wconf 88' lang='lat'>1</span> <span class='ocrx_word' id='word_1_327' title='bbox 354 2222 512 2267; x_wconf 77' lang='lat' dir='ltr'>honagri</span> <span class='ocrx_word' id='word_1_328' title='bbox 532 2222 578 2256; x_wconf 80' lang='lat' dir='ltr'>A&#39;</span> <span class='ocrx_word' id='word_1_329' title='bbox 654 2208 798 2268; x_wconf 82' lang='lat' dir='ltr'>dirigit]</span> <span class='ocrx_word' id='word_1_330' title='bbox 828 2222 980 2268; x_wconf 81' lang='lat' dir='ltr'>diriget]</span> <span class='ocrx_word' id='word_1_331' title='bbox 1002 2222 1036 2255; x_wconf 76' lang='grc' dir='ltr'>α’</span> <span class='ocrx_word' id='word_1_332' title='bbox 1112 2225 1130 2255; x_wconf 80' lang='lat'>2</span> <span class='ocrx_word' id='word_1_333' title='bbox 1159 2222 1285 2267; x_wconf 77' lang='lat' dir='ltr'>saetis]</span> <span class='ocrx_word' id='word_1_334' title='bbox 1314 2222 1402 2275; x_wconf 80' lang='lat' dir='ltr'>setis¹</span> <span class='ocrx_word' id='word_1_335' title='bbox 1416 2223 1465 2257; x_wconf 88' lang='lat' dir='ltr'><em>M</em></span> 
     </span>
     <span class='ocr_line' id='line_1_38' title="bbox 185 2278 1465 2327; baseline 0 -12"><span class='ocrx_word' id='word_1_336' title='bbox 185 2286 205 2315; x_wconf 85' lang='lat'><strong>3</strong></span> <span class='ocrx_word' id='word_1_337' title='bbox 233 2281 419 2326; x_wconf 85' lang='lat' dir='ltr'>contorto]</span> <span class='ocrx_word' id='word_1_338' title='bbox 447 2292 530 2316; x_wconf 88' lang='lat' dir='ltr'>cum</span> <span class='ocrx_word' id='word_1_339' title='bbox 562 2283 659 2316; x_wconf 88' lang='lat' dir='ltr'>torto</span> <span class='ocrx_word' id='word_1_340' title='bbox 686 2282 731 2315; x_wconf 86' lang='lat' dir='ltr'>A&#39;</span> <span class='ocrx_word' id='word_1_341' title='bbox 764 2281 826 2324; x_wconf 86' lang='lat' dir='ltr'>(P)</span> <span class='ocrx_word' id='word_1_342' title='bbox 943 2284 962 2315; x_wconf 79' lang='lat'>9</span> <span class='ocrx_word' id='word_1_343' title='bbox 988 2280 1044 2314; x_wconf 85' lang='lat' dir='ltr'>hii</span> <span class='ocrx_word' id='word_1_344' title='bbox 1069 2282 1104 2315; x_wconf 81' lang='lat' dir='ltr'><strong><em>A</em></strong></span> <span class='ocrx_word' id='word_1_345' title='bbox 1216 2285 1258 2315; x_wconf 90' lang='lat'>10</span> <span class='ocrx_word' id='word_1_346' title='bbox 1285 2281 1328 2327; x_wconf 86' lang='lat' dir='ltr'>si]</span> <span class='ocrx_word' id='word_1_347' title='bbox 1357 2278 1405 2316; x_wconf 84' lang='lat' dir='ltr'>se¹</span> <span class='ocrx_word' id='word_1_348' title='bbox 1416 2282 1465 2316; x_wconf 85' lang='lat' dir='ltr'><em>M</em></span> 
     </span>
    </p>
   </div>
   <div class='ocr_carea' id='block_1_8' title="bbox 187 2327 884 2421">
    <p class='ocr_par' dir='ltr' id='par_1_12' title="bbox 187 2327 884 2421">
     <span class='ocr_line' id='line_1_39' title="bbox 187 2327 509 2363; baseline 0 -1"><span class='ocrx_word' id='word_1_349' title='bbox 187 2332 226 2362; x_wconf 87' lang='lat'>11</span> <span class='ocrx_word' id='word_1_350' title='bbox 255 2328 451 2363; x_wconf 80' lang='lat' dir='ltr'>accedisset</span> <span class='ocrx_word' id='word_1_351' title='bbox 475 2327 509 2362; x_wconf 76' lang='grc' dir='ltr'>α’</span> 
     </span>
     <span class='ocr_line' id='line_1_40' title="bbox 210 2374 884 2421; baseline -0.001 -11"><span class='ocrx_word' id='word_1_352' title='bbox 210 2374 291 2410; x_wconf 82' lang='lat' dir='ltr'>CAP.</span> <span class='ocrx_word' id='word_1_353' title='bbox 318 2375 394 2411; x_wconf 88' lang='lat' dir='ltr'>XV.</span> <span class='ocrx_word' id='word_1_354' title='bbox 496 2379 536 2410; x_wconf 86' lang='lat'>15</span> <span class='ocrx_word' id='word_1_355' title='bbox 564 2376 700 2421; x_wconf 80' lang='lat' dir='ltr'>campi]</span> <span class='ocrx_word' id='word_1_356' title='bbox 729 2376 811 2420; x_wconf 80' lang='lat' dir='ltr'>capi</span> <span class='ocrx_word' id='word_1_357' title='bbox 836 2376 884 2421; x_wconf 81' lang='lat' dir='ltr'>A1</span> 
     </span>
    </p>
   </div>
  </div>
 </body>
</html>
