1638 2620
168 114 224 156 28
694 113 773 149 Lib.
801 113 829 158 1,
855 117 911 150 26.
939 118 996 150 27.

169 214 279 266 dum,
312 218 356 252 ut
388 213 618 264 quadratam
651 214 773 252 aciem
807 218 970 263 repente
1003 214 1262 265 constituant,
1304 225 1380 263 quo
1413 213 1517 252 facto

168 275 209 312 in
236 274 447 324 trigonum,
475 284 593 323 quem
619 283 790 310 cuneum
815 278 970 323 uocant,
997 273 1100 310 acies
1126 273 1209 323 ipsa
1235 271 1420 310 mutanda
1446 278 1517 311 est.

170 332 278 378 Quae
300 331 493 370 ordinatio
515 330 729 381 plurimum
749 329 939 380 prodesse
960 332 1170 369 consueuit
1189 332 1229 369 in
1250 330 1363 369 hello.
1405 330 1517 370 Iube-

170 397 236 430 tur
257 392 385 441 etiam,
412 396 456 428 ut
482 391 682 428 1nst1uant
701 388 831 441 orbes,
857 401 934 439 quo
961 401 1119 441 genere,
1145 402 1236 428 cum
1255 391 1318 428 uis
1345 389 1519 428 hostium

135 458 151 484 5
171 450 432 499 intelruperit
453 449 589 500 aciem,
616 449 748 486 resisti
768 447 815 486 ab
837 449 1061 487 exercitatis
1088 448 1278 487 militibus
1299 450 1520 501 consueuit,

171 521 219 547 ne
252 508 380 546 omnis
414 506 623 545 multitudo
657 507 844 546 fundatur
870 508 910 545 in
938 507 1068 558 fugam
1095 513 1134 546 et
1159 519 1279 558 graue
1307 480 1520 546 discrimen

169 567 382 605 immineat.
422 565 527 604 Haec
549 567 582 604 si
602 567 778 604 iuniores
799 566 959 604 adsidua
981 565 1232 604 meditatione
1256 567 1520 619 percepermt,

27 652 85 702 92⁸
71 652 133 672 000,
117 657 159 672 um
184 657 229 676 000
215 651 296 671 amm,
313 625 496 663 facilius
487 637 527 663 ln
547 626 631 675 ipsa
652 624 901 663 dimicatione
923 623 1149 663 seruabunt.
1189 623 1340 663 XXVII.
1361 624 1520 664 Praete-

94 687 121 702 αι
149 681 235 701 redire

27 688 65 745 {bg
64 711 229 736 000,0,000
216 681 272 730 0,,ξῖ
276 687 379 730 e‘grea
396 689 435 722 et
449 688 565 722 uetus
582 684 826 750 consuetudo
846 685 1062 762 peimansit
1076 689 1111 721 el
1129 683 1389 733 dlulAugustl
1405 689 1522 735 atque

27 745 300 766 eeeeeeeeeeeeeeee

77 806 88 820 ⁵
99 776 190 820 emb*
185 776 218 819 ¹3²²
220 800 247 819 ‘¹¹
232 805 282 819 ‘¹¹¹¹
282 769 393 840 'tam
420 803 573 852 equites
601 813 717 852 quam
743 801 896 851 pedites
924 801 1143 839 educantur
1163 800 1422 853 ambulatum,
1449 801 1523 840 hoc

171 862 276 899 enim
296 860 420 899 uerbo
440 860 515 899 hoc
537 861 715 898 exercitii
735 872 860 910 genus
889 861 1103 898 nominant.
1150 859 1294 898 Decem
1314 860 1418 899 milia
1439 873 1524 911 pas-

173 931 288 958 suum
310 921 448 958 armati
468 921 731 970 instructique
753 918 936 957 omnibus
958 918 1046 957 telis
1061 919 1212 970 pedites
1228 919 1386 957 militari
1400 919 1523 970 gradu

171 980 230 1017 ire
264 990 308 1017 ac
340 978 471 1016 redire
503 977 742 1017 iubebantur
773 980 814 1016 in
847 984 986 1029 castra,
1017 979 1069 1016 ita
1103 983 1146 1016 ut
1175 977 1344 1028 aliquam
1370 979 1524 1017 itineris

119 1049 153 1074 15
172 1043 324 1089 partem
352 1049 473 1075 cursu
500 1037 687 1075 alacriore
717 1037 969 1076 conficerent.
1025 1036 1190 1087 Equites
1224 1049 1380 1088 quoque
1407 1037 1524 1076 diuisi

173 1108 244 1147 per
270 1102 421 1134 turmas
447 1097 666 1147 armatique
694 1096 874 1134 similiter
903 1101 1054 1134 tantum
1086 1097 1240 1133 itineris
1273 1095 1524 1148 peragebant,

172 1157 225 1193 ita
269 1162 314 1193 ut
357 1155 403 1193 ad
450 1161 676 1205 equestrem
721 1155 1015 1193 meditationem
1060 1154 1260 1192 interdum
1308 1159 1526 1205 sequantur

172 1214 372 1252 interdum
424 1214 565 1252 cedant
617 1220 656 1252 et
699 1225 865 1252 recursu
907 1213 1075 1264 quodam
1119 1215 1290 1264 impetus
1328 1219 1523 1264 reparent.

173 1272 259 1311 Non
293 1272 418 1311 solum
453 1279 583 1311 autem
616 1274 655 1310 in
689 1274 848 1324 campis,
881 1272 949 1311 sed
980 1274 1097 1310 etiam
1130 1273 1168 1310 in
1202 1272 1362 1310 cliuosis
1395 1279 1433 1311 et
1465 1284 1524 1310 ar-

121 1343 155 1368 20
175 1332 263 1370 duis
290 1331 385 1370 locis
419 1338 458 1370 et
490 1331 730 1370 descendere
765 1337 804 1370 et
836 1331 1048 1370 ascendere
1082 1338 1248 1382 utraque
1282 1332 1385 1369 acies
1412 1343 1525 1382 coge-

174 1390 302 1443 batur,
336 1396 379 1429 ut
411 1390 515 1429 nulla
549 1403 625 1441 res,
656 1390 721 1429 uel
754 1403 845 1429 casu
879 1402 1061 1442 prorsus,
1093 1389 1360 1441 pugnantibus
1391 1395 1526 1441 posset

197 1480 241 1515 V.
268 1481 307 1514 L.
408 1485 425 1514 1
453 1481 494 1514 ut
528 1480 712 1524 quadrata
738 1480 936 1524 (quadrata
954 1488 1001 1517 Ξ
1024 1479 1070 1524 G)
1105 1479 1205 1514 acies
1224 1491 1300 1524 rep.
1328 1479 1526 1515 constitua-

173 1529 234 1562 tur
260 1527 318 1562 Ga
391 1531 410 1561 2
438 1527 635 1573 mutanda]
657 1527 885 1571 disponenda
913 1526 943 1571 Q
1017 1531 1036 1561 6
1064 1527 1144 1562 oms
1165 1527 1201 1570 (i.
1229 1538 1259 1561 e.
1288 1527 1430 1571 omnes)
1458 1527 1527 1573 oc'Q

269 1575 447 1609 fundatur
475 1575 582 1619 HQP
617 1575 818 1609 fundantur
844 1574 877 1608 α’
917 1576 1066 1620 fugetur
1093 1574 1125 1609 G
1164 1575 1219 1617 (in
1245 1586 1314 1618 quo
1341 1575 1385 1609 ab
1412 1576 1527 1610 altera

173 1633 287 1656 manu
312 1623 596 1665 superscriptum
623 1625 689 1656 est:
724 1624 740 1655 t
764 1621 955 1666 fundatur)
984 1624 1006 1656 δ
1103 1625 1122 1656 8
1150 1621 1399 1656 obseruabunt
1428 1622 1457 1666 Q

175 1669 258 1704 CAP.
285 1668 434 1703 XXVII.
489 1673 531 1704 10
562 1669 600 1703 in
633 1668 755 1703 mense
782 1669 986 1704 educantur
1010 1670 1036 1704 t.
1064 1680 1094 1703 e.
1122 1680 1155 1712 q.
1183 1681 1217 1713 p.
1246 1669 1310 1714 [e.]
1337 1679 1368 1704 a.
1397 1670 1436 1703 H

177 1720 218 1750 11
248 1717 505 1751 ambulantum
532 1716 566 1750 G
623 1719 667 1750 14
693 1717 731 1750 et
756 1715 920 1760 aliquam
941 1717 978 1751 P
1034 1720 1076 1750 15
1103 1715 1274 1750 alacriori
1294 1717 1316 1750 ὃ
1375 1720 1415 1750 17
1445 1716 1523 1762 [ad]

175 1763 330 1808 equestr.
352 1764 389 1798 P
452 1763 689 1807 sequerentur
714 1764 824 1808 uulyo
894 1768 936 1798 18
964 1764 1138 1798 cederent
1162 1764 1273 1809 uulqo
1345 1763 1526 1808 impetus]

174 1810 214 1845 in
234 1810 385 1855 proeliis
398 1810 427 1855 Q
448 1811 610 1845 Stewech.
670 1811 858 1857 reparent]
879 1811 914 1845 se
934 1812 1108 1855 reparent
1132 1810 1161 1855 Q
1181 1811 1397 1855 repararent
1415 1811 1527 1855 uulyo

175 1858 399 1903 repedarent
418 1859 583 1893 Stewech.
599 1858 785 1892 Schwebel.
806 1860 1015 1902 temperent
1034 1858 1128 1892 Giss.
1147 1858 1308 1893 Oudend.
1370 1857 1526 1901 recursu,

176 1905 337 1949 quodam
369 1904 528 1950 impetu,
561 1905 731 1949 separent
769 1907 950 1950 (praeced.
984 1905 1184 1949 sequantur
1215 1924 1259 1930 —
1296 1904 1441 1949 cedant)
1473 1905 1527 1940 vel

175 1951 314 1987 retruso
336 1964 430 1996 equo
452 1952 613 1996 quodam
633 1953 787 1997 impetu,
807 1952 1039 1997 trepidarent
1056 1953 1245 1993 (nimirum
1260 1963 1379 1995 praee.
1399 1951 1524 1996 seque-

175 2001 303 2034 rentur
336 2021 378 2024 —
412 2000 599 2043 cederent)
633 1999 789 2035 Scrz‘ucr.
924 2004 967 2034 21
1003 1999 1086 2035 casu
1118 2001 1185 2044 μΠ
1213 1998 1317 2034 casus
1343 2000 1415 2043 ita,
1447 2002 1488 2033 ut
1513 1998 1532 2032 l'

201 2072 235 2106 S.
263 2071 303 2106 L.
381 2074 398 2104 1
427 2070 645 2114 quadratam
674 2070 808 2116 aciem]
837 2082 898 2114 qu.
925 2070 1004 2105 acie
1032 2071 1082 2104 M
1177 2074 1197 2104 2
1223 2069 1406 2104 triconum
1432 2070 1467 2103 A

176 2117 255 2162 ipsa
286 2118 467 2152 mutanda
499 2117 566 2162 est]
599 2116 715 2161 ipsam
749 2119 889 2152 utanda,
925 2117 977 2152 est
1002 2119 1037 2152 A
1158 2121 1180 2151 4
1213 2116 1270 2151 uis
1300 2117 1334 2161 (s
1355 2129 1378 2151 a
1404 2120 1423 2151 2
1451 2120 1526 2152 emt.

176 2166 313 2208 addit.;
349 2167 401 2200 sic
432 2166 505 2208 sere
537 2166 756 2208 constanter)
784 2166 823 2198 Π
942 2169 960 2199 7
988 2164 1154 2209 adsidua]
1192 2164 1334 2198 assidua
1358 2165 1435 2198 ΑΠ

175 2211 404 2256 perciperint
430 2225 452 2257 μ
576 2212 658 2247 ΟΑΡ.
684 2211 832 2245 XXVII.
887 2216 928 2246 10
954 2211 1106 2246 Adriani
1135 2212 1164 2245 Ο
1272 2212 1344 2256 ter]
1372 2212 1443 2246 iter
1470 2211 1529 2246 sP

273 2263 314 2293 11
344 2259 563 2304 educantur]
591 2260 771 2306 educatur
796 2260 832 2293 A
932 2263 973 2293 12
1002 2259 1121 2293 decim
1148 2259 1183 2293 A
1277 2262 1320 2292 14
1346 2258 1526 2304 aliquam]

176 2306 224 2340 ad
252 2317 387 2350 equam
413 2309 452 2340 Π
549 2310 590 2340 15
617 2306 777 2351 recursu]
805 2306 990 2341 recursum
1018 2307 1066 2340 M
1163 2310 1205 2341 18
1231 2305 1402 2350 impedus
1425 2307 1474 2340 M

177 2357 219 2387 21
247 2353 382 2399 posset]
409 2353 519 2398 possit
545 2353 601 2388 εντ’
