1638 2620
638 121 718 158 Lib.
745 122 807 166 111,
835 125 891 157 26.
1346 119 1427 160 121

204 222 247 261 In
274 221 374 261 bello
402 222 469 272 qui
495 221 583 273 plus
609 222 649 259 in
676 222 839 272 agrariis
866 219 1102 271 uigilauerit,
1134 218 1222 270 plus
1254 220 1294 257 in
1322 231 1430 258 exer-

85 281 210 321 cendo
243 281 364 319 milite
397 280 647 332 laborauer1t,
680 282 808 318 minus
841 279 1061 330 periculum
1094 277 1316 317 sustinebit.

202 339 423 391 Numquam
448 338 560 378 miles
588 340 627 377 in
654 340 735 377 acie
763 338 1042 390 producendus
1069 344 1141 391 est,
1174 338 1288 376 cuius
1318 342 1430 376 antea

86 400 352 451 experimenta
384 410 463 436 non
496 398 661 448 ceperis.

204 457 280 495 Aut
311 458 441 507 inopia
474 462 541 495 aut
573 455 882 507 superuentibus
915 462 983 495 aut
1016 462 1169 495 terrore
1203 455 1343 494 melius
1370 461 1430 494 est
1450 464 1467 489 5

86 516 237 555 hostem
271 515 429 554 domare
464 526 580 566 quam
618 515 787 566 proeli0‚
825 516 864 552 in
905 527 982 566 quo
1022 514 1188 566 amplius
1222 514 1321 553 solet
1353 515 1429 553 for-

85 582 177 614 tuna
209 575 416 625 potestatis
449 573 593 612 habere
628 585 745 624 quam
777 575 918 612 uinus.

203 633 315 672 Nulla
348 633 509 672 consilia
542 632 703 671 meliora
730 637 823 671 sunt
851 633 925 671 nisi
950 632 1026 684 illa,
1059 644 1159 683 quae
1186 633 1430 684 iguorauerit

85 693 349 743 aduersarius,
381 697 591 742 antequam
623 691 753 730 facias.

202 751 365 790 Occasio
399 752 437 789 in
472 750 572 789 bello
612 750 778 802 amplius
818 750 916 789 solet
954 752 1092 789 iuuare
1134 762 1250 801 quam
1290 751 1430 788 uirtus.
1452 760 1486 785 1⁰

203 810 244 848 In
278 810 535 849 sollicitandis
568 809 910 860 suscipiendisque
942 809 1135 861 hostibus,
1168 810 1200 847 si
1233 820 1323 847 cum
1356 808 1431 847 fide

83 870 257 920 ueniant,
290 881 427 919 magna
453 868 595 907 fiducia
623 874 693 920 est,
720 869 810 919 quia
837 868 1108 907 aduersarium
1136 868 1302 919 amplius
1330 868 1431 906 fran-

83 934 180 979 gunt
212 928 438 978 transfugae
472 940 588 979 quam
621 929 826 978 perempti.

202 987 340 1025 Melius
373 992 433 1025 est
464 992 554 1038 post
586 988 709 1025 aciem
742 986 852 1037 plura
888 998 1048 1024 seruare
1088 985 1282 1037 praesidia
1315 996 1431 1036 quam

83 1045 199 1085 latius
234 1045 394 1084 militem
428 1058 625 1097 spargere.
1453 1055 1485 1079 15

107 1171 149 1206 V
165 1170 204 1205 L.
256 1167 329 1204 ἀπὸ
351 1167 470 1204 ἄλλων
492 1170 643 1229 βιβλίων
664 1169 1169 1226 γνωμικάῖ177671377677776777
1178 1170 1294 1204 abhis
1313 1170 1433 1204 uerbis

86 1215 280 1274 (Τοιαύτη
295 1218 347 1257 τίς
374 1215 472 1252 ἐστιν
506 1215 546 1253 ἐν
579 1221 655 1257 τοῖς
685 1219 759 1251 τῶν
785 1216 956 1262 πολέμων
982 1221 1128 1261 καιροῖς
1153 1230 1174 1260 ⁷1
1201 1217 1266 1251 τοῦ
1294 1215 1432 1273 συμφέ-

83 1278 213 1310 ροντος
245 1262 398 1307 εὕρεσις.
453 1263 504 1299 Τὸ
538 1264 596 1299 σοὶ
628 1263 819 1321 συμφέρον
855 1268 932 1304 τοῖς
962 1265 1153 1309 πολεμίοις
1185 1260 1285 1298 ἐστὶν
1318 1261 1433 1321 ἀσύμ-

83 1322 221 1357 φορον·
254 1311 319 1346 καὶ
352 1308 370 1345 ὃ
404 1310 495 1368 παρ’
531 1309 689 1352 ἐκείνοις
721 1309 926 1356 ὠφέλιμον,
963 1312 1071 1346 τοῦτο
1103 1314 1180 1351 τοῖς
1214 1314 1292 1351 σοῖς
1324 1307 1432 1345 ἔναν-

82 1361 261 1395 τιοῦσθαι
282 1361 398 1403 φιλεῖ·
421 1356 533 1393 οὐδὲν
559 1360 686 1393 τοίνυν
713 1358 809 1393 κατὰ
832 1357 899 1403 τὴν
920 1355 1075 1393 ἐκείνων
1095 1356 1245 1403 γνώμην
1265 1355 1287 1402 ἢ
1308 1361 1433 1392 ποιεῖν

84 1403 107 1451 ἢ
133 1408 405 1465 παραιτεῖσθαι
432 1405 614 1461 συμφέρει
640 1403 742 1451 ἡμῖν,
770 1407 881 1441 τοῦτο
907 1405 949 1441 δὲ
978 1403 1094 1462 μόνον
1120 1404 1309 1447 πράττειν,
1339 1401 1432 1448 ὅπερ

84 1459 161 1493 τοῐς
185 1452 380 1511 ἡμετέροις
406 1450 584 1508 χρήσιμον
612 1458 710 1488 εἰναι
736 1454 952 1509 νομίζομεν·
990 1452 1026 1487 εἰ
1049 1451 1137 1497 γὰρ,
1164 1449 1260 1495 ἅπερ
1289 1450 1435 1492 ἐκεῖνος

85 1498 179 1545 ὑπὲρ
208 1499 343 1536 ἑαυτοῦ
372 1498 538 1545 πράττει,
564 1501 683 1535 ταῦτα
710 1498 753 1535 σὺ
780 1499 932 1546 μιμήσῃ,
959 1498 1098 1534 σαυτὸν
1127 1497 1281 1544 ἀδικεῖς,
1309 1496 1433 1544 ὥσπερ

84 1549 149 1582 καὶ
180 1546 221 1583 τὸ
249 1545 494 1604 ἅνάπαλιν[·]
532 1549 572 1582 εἰ
591 1561 625 1582 τι
652 1545 696 1582 σὺ
723 1561 898 1591 πραττεις
923 1546 1114 1592 συμφέρον
1149 1550 1290 1594 σαυτῷ,
1323 1547 1434 1581 τοῦτο

85 1592 223 1640 βλάψει
249 1593 315 1630 τὸν
341 1594 520 1640 πολέμιον
546 1593 590 1629 τὰ
620 1593 665 1629 σὰ
687 1598 886 1639 μιμεῖσθαι
906 1593 1147 1641 βουλόμενον.
1190 1584 1289 1639 Quae
1308 1605 1431 1629 secun-

86 1647 148 1677 7777·
173 1655 196 1677 77
215 1643 350 1677 77037773
375 1643 508 1686 oeyulzs
533 1653 684 1686 777073773
709 1644 927 1687 cliscoepant.
1005 1646 1022 1675 1
1052 1642 1109 1687 [In
1138 1641 1234 1676 bello
1262 1662 1304 1666 -—
1332 1641 1433 1675 susti-

87 1689 209 1735 nebit]
225 1692 243 1724 λ
262 1690 385 1724 77717773
405 1690 515 1724 Ζ777ε7
502 1700 533 1723 73
546 1690 631 1724 haec
644 1694 730 1724 377777
743 1694 896 1725 exarata
910 1701 981 1734 7770
994 1690 1102 1724 7777710
1115 1690 1206 1723 770777
1221 1688 1434 1733 (XXVIIII.)

84 1737 216 1782 capitis
235 1738 276 1771 in
291 1750 314 1770 α
337 1787 348 1809 t
364 1740 384 1770 2
406 1735 514 1771 miles
531 1737 576 1771 R.
593 1737 646 1771 M.
697 1741 717 1771 3
737 1737 776 1771 in
795 1737 913 1772 aciem
930 1737 990 1771 δΡ
1036 1740 1055 1770 5
1077 1738 1142 1771 aut:
1160 1735 1302 1781 inopia]
1330 1735 1440 1780 potes

296 1792 333 1815 ΡΟ
350 1791 382 1810 GS

83 1819 210 1864 inopia
224 1822 243 1854 λ
257 1821 322 1854 aut
344 1818 472 1863 inopia
490 1820 663 1862 (correoez't
682 1831 812 1854 7777777773
830 1821 920 1855 satis
940 1820 1110 1864 antiqua)
1124 1819 1159 1852 P
1208 1818 1431 1863 superuenh]

83 1901 107 1935 s.
134 1903 199 1938 aut
225 1901 353 1947 inopia
379 1902 416 1936 P
496 1901 631 1936 melius
653 1902 738 1948 [est]
768 1915 784 1936 ε
877 1907 896 1937 6
924 1903 1075 1938 domare
1102 1886 1276 1947 (dogare
1303 1901 1349 1945 G)
1378 1903 1437 1935 εΠ

84 1949 180 1985 fame
208 1949 352 1984 domari
378 1950 414 1983 P
437 1949 533 1994 (post
558 1960 648 1985 corr
675 1950 713 1984 in
740 1950 837 2005 farne
863 1950 1020 1994 domari)
1047 1949 1145 1984 fame
1173 1949 1338 1984 edomari
1364 1949 1387 1982 ὃ

161 2020 268 2064 solet]
295 2019 415 2064 potest
442 2021 481 2053 H
561 2024 580 2054 S
610 2020 731 2066 [nulla
758 2041 799 2046 —
826 2020 965 2066 uirtus]
992 2021 1039 2064 A
1070 2020 1131 2054 secl
1156 2032 1179 2054 a
1205 2030 1319 2054 7777777777
1343 2020 1435 2054 satas

84 2069 238 2112 antiqua
265 2067 350 2111 (13)
374 2069 416 2101 777
440 2068 604 2113 momine
630 2068 760 2102 addita
784 2072 873 2102 377777
969 2046 1054 2113 nisi]
1084 2078 1195 2110 quam
1220 2069 1238 2101 λ
1330 2065 1434 2110 igno

85 2115 185 2149 rauit
210 2117 250 2149 H
344 2118 364 2149 9
390 2114 507 2149 faeiat
534 2115 572 2148 et:
598 2114 740 2149 occasio
769 2116 791 2149 δ
898 2118 940 2150 10
970 2114 1138 2160 [Occasio
1165 2134 1208 2139 -—
1235 2113 1371 2158 uirtus]
1399 2113 1433 2147 L

157 2165 199 2196 13
225 2164 271 2196 tr.
297 2162 341 2197 fr.
367 2163 478 2205 uulyo
556 2161 757 2208 perempti]
787 2162 995 2207 peremptio
1022 2164 1057 2196 Π
1140 2164 1181 2196 15
1208 2160 1381 2206 spargere
1407 2174 1434 2194 π

85 2219 286 2254 expargere
314 2222 337 2242 α
364 2220 565 2254 expergere
591 2212 609 2243 λ

111 2316 145 2351 S.
172 2315 211 2350 L.
320 2319 340 2349 3
366 2315 494 2361 antea]
522 2317 608 2351 ante
635 2327 679 2350 ea
704 2315 752 2360 Al
860 2319 882 2349 4
909 2314 1070 2360 ceperis]
1098 2313 1265 2359 coeperis
1286 2313 1333 2358 A1

85 2367 106 2397 5
127 2364 266 2398 terrore
286 2361 440 2408 melius]
461 2365 639 2398 terrorem
660 2362 796 2398 melius
806 2363 851 2397 A'
905 2366 945 2397 12
967 2362 1147 2397 fidutiaA
1199 2364 1241 2396 15
1261 2360 1380 2396 lacius
1390 2360 1440 2395 M
