1638 2620
1439 118 1497 159 63

230 218 315 257 XV.
348 219 463 257 Ratio
488 218 670 268 podismi,
697 220 890 267 quantum
917 217 1088 266 spatium
1116 218 1156 255 in
1182 217 1265 256 acie
1291 218 1395 256 inter
1416 218 1495 256 sin-

430 277 544 327 gulos
582 278 760 315 homines
798 277 838 315 in
876 277 1038 326 longum
1079 278 1143 314 uel
1181 277 1284 315 inter
1317 276 1494 326 singulos

431 336 586 374 ordines
619 336 659 373 in
691 336 818 373 latum
851 336 992 374 debeat
1025 335 1226 374 custodiri.

207 394 311 433 XVI.
343 395 403 433 De
435 394 634 443 equitibus
669 395 909 432 ordinandis.

186 454 312 492 XVII.
346 454 406 491 De
439 453 637 502 subsidiis⁷
672 465 773 502 quae
805 455 896 502 post
927 452 1050 490 aciem
1083 454 1353 492 conlocantur.
1516 462 1532 487 5

165 513 312 551 XVIII.
345 513 390 550 In
417 525 494 561 quo
520 512 606 550 loco
638 512 789 561 primus
823 512 901 549 dux
936 513 1042 550 stare
1076 512 1228 560 debeat,
1262 512 1303 550 in
1328 524 1404 561 quo
1436 525 1495 550 se-

432 572 599 618 cundus,
631 571 673 608 in
705 582 781 619 quo
813 571 968 608 tertius.

146 630 316 668 XVIIII.
351 629 501 675 Quibus
516 629 700 667 remediis
715 629 859 667 uirtuti
878 630 943 666 uel
969 629 1068 667 dolis
1088 630 1265 667 hostium
1285 630 1497 668 resistatur

429 701 471 726 m
501 701 594 727 acie.

229 748 312 786 XX.
348 748 452 793 Quot
477 748 689 796 generibus
716 759 851 796 pugna
869 746 1029 795 publica
1049 747 1320 785 committatur
1341 749 1381 785 et
1401 760 1493 796 quo-
1517 757 1550 780 10

431 806 547 844 modo
575 806 696 844 etiam
722 806 788 855 qui
814 805 979 843 inferior
1004 818 1166 845 numero
1194 807 1234 843 et
1259 806 1414 844 uiribus
1436 808 1497 844 est

430 866 564 903 ualeat
596 865 786 903 obtinere.

205 925 308 963 XXI.
342 924 459 962 Viam
491 925 728 962 abscedendi
763 923 946 961 hostibus
985 923 1171 971 dandam,
1209 926 1255 961 ut
1286 924 1495 962 deleantur

430 983 586 1021 facilius
618 983 829 1032 fugientes.

186 1043 310 1081 XXII.
345 1042 682 1088 Quemadmodum
703 1042 752 1079 ab
779 1042 959 1080 hostibus
985 1041 1206 1089 recedatur,
1234 1042 1267 1079 si
1288 1041 1496 1080 consilium
1517 1052 1549 1076 15

435 1101 620 1150 displicet
650 1113 818 1150 pugnae.

170 1161 317 1198 XXIII.
350 1161 409 1198 De
442 1161 603 1198 camelis
637 1162 676 1198 et
709 1160 937 1198 catafractis
971 1159 1181 1208 equitibus.

147 1220 314 1257 XXIIII.
349 1219 551 1264 Quomodo
591 1219 794 1268 quadrigis
832 1219 988 1257 falcatis
1027 1219 1091 1256 uel
1128 1219 1310 1256 elefantis
1342 1219 1382 1256 in
1414 1218 1495 1256 acie

430 1279 557 1327 possit
587 1278 737 1316 obsisti.

188 1337 309 1376 XXV.
344 1337 446 1382 Quid
484 1338 570 1375 fieri
608 1337 767 1384 debeat,
807 1336 840 1374 si
878 1338 943 1375 uel
981 1349 1073 1385 pars
1106 1336 1257 1386 fugerit
1288 1336 1352 1374 uel
1385 1338 1494 1374 totus
1517 1348 1550 1372 20

430 1397 636 1434 exercitus.

152 1454 317 1505 [XXVI.
350 1456 527 1504 Regulae
561 1455 758 1493 bellorum
788 1453 1026 1504 generales]

244 1584 261 1614 1
293 1579 464 1624 podisimi
491 1580 537 1625 L,
664 1579 828 1624 singulos
854 1578 1025 1614 homines
1052 1579 1090 1614 in
1121 1579 1274 1623 longum
1306 1579 1367 1613 uel
1399 1578 1496 1613 inter

147 1638 212 1663 om.
240 1628 316 1662 HD
419 1632 439 1662 3
466 1627 503 1661 in
530 1628 664 1673 latum]
692 1627 839 1661 illatum
866 1628 905 1661 H
1010 1626 1124 1661 debet
1149 1626 1208 1660 sP
1313 1630 1332 1659 6
1358 1625 1396 1659 in
1423 1637 1495 1670 quo

147 1675 219 1710 duo
246 1675 283 1709 in
310 1686 382 1719 quo
408 1674 484 1709 tres
505 1674 544 1708 D
652 1678 693 1709 10
722 1675 827 1717 Quod
855 1674 895 1720 ΩΙ
1001 1672 1184 1719 [publica]
1212 1675 1250 1707 H
1347 1673 1496 1708 comini-

145 1723 247 1757 tatur
272 1724 291 1755 λ
390 1726 429 1756 11
460 1721 558 1767 [qui]
586 1723 625 1755 H
648 1733 671 1765 q
698 1722 732 1756 L
759 1722 821 1766 qui
847 1724 888 1756 in
912 1723 1076 1767 maryz'ne
1102 1721 1150 1766 L2
1239 1724 1280 1755 12
1308 1719 1492 1766 obtinere]

148 1770 315 1804 obtinere
346 1769 530 1815 [optinere
556 1769 610 1814 D]
638 1768 835 1804 uictoriam
861 1771 884 1804 ὃ
909 1768 1077 1813 optinere
1106 1769 1195 1802 MH
1303 1772 1344 1802 13
1373 1767 1494 1801 ascen-

148 1816 314 1851 dendiH
376 1820 418 1851 14
444 1815 609 1862 facilius]
637 1815 819 1851 facientes
835 1830 857 1850 α
923 1820 965 1850 16
992 1827 1115 1861 pugne
1143 1814 1248 1860 displ.
1275 1816 1339 1849 hoc
1359 1816 1433 1849 loco
1447 1815 1493 1849 A'

147 1865 207 1899 sed
232 1874 307 1899 non
331 1864 372 1898 in
398 1865 480 1909 ipsa
506 1864 637 1908 capitis
662 1864 899 1908 inscriptione
925 1863 1080 1909 [pugne]
1102 1863 1152 1897 M
1245 1861 1440 1906 displicent
1459 1862 1495 1895 A

246 1915 286 1946 17
315 1911 484 1946 camellis
505 1911 539 1945 α’
617 1915 658 1945 19
685 1910 823 1955 possint
849 1924 865 1945 ε
940 1910 1114 1946 obsistere
1140 1912 1181 1944 H
1229 1909 1496 1955 Capitulationi

148 1959 308 1993 addunt:
343 1957 480 2003 Incipit
504 1958 683 2003 prologus
705 1961 743 1992 H
766 1957 903 2003 Incipit
927 1958 1039 1993 Liber
1066 1956 1215 1992 Tertius
1240 1957 1275 1990 P
1298 1956 1406 2001 Expi.
1428 1955 1496 2001 cas]

148 2005 236 2040 libri
262 2005 323 2040 III.
363 2006 500 2050 Incipit
523 2005 707 2049 praefatio
734 2005 771 2040 in
798 2005 892 2041 1ibr0
919 2005 989 2040 IIII
1015 2006 1062 2040 ad
1089 2004 1337 2040 Theodosium
1362 2003 1401 2038 D
1426 2003 1495 2037 Ex-

147 2053 307 2097 pliciunt
333 2052 497 2098 capitula
525 2053 564 2087 V.
