1638 2620
141 82 278 118 XXXII
713 83 913 119 Praefatio.

141 183 304 233 Tideus,
350 184 555 233 epytoma,
593 183 805 232 Illiricum,
844 184 952 233 olym
984 195 1079 222 corr.
1111 185 1154 222 in
1186 184 1296 233 olim,
1329 185 1492 236 clipeus⁷

139 242 372 292 monoxilus,
405 244 577 292 myxtus,
609 242 788 291 Pin-hus,
821 242 994 280 cilinder.
1048 244 1227 293 sescenti,
1253 256 1397 293 xerses,
1425 257 1489 281 ex-

140 303 318 352 pectare,
371 301 558 349 existere,
610 302 860 352 extinguere,
910 314 1084 340 exerere.
1160 315 1347 352 conexus,
1399 315 1488 341 con-

136 360 289 409 plures,
335 372 576 409 conponere,
621 372 854 409 conparare,
893 361 1134 411 conpellere,
1173 362 1367 410 conplere.
1431 361 1490 399 in-

137 418 328 467 lecebrae,
348 419 584 467 inmergere,
610 418 814 469 inminere,
839 419 1153 468 inpedimentum
1179 424 1212 458 et
1236 420 1491 469 impedimen-

136 479 234 527 tum,
266 478 426 526 inlatus,
459 477 712 527 inpossibilis,
744 478 926 528 inbuere,
958 479 1157 529 inpulsus,
1190 479 1396 528 inpressio,
1429 479 1488 516 in—

136 549 333 586 rumpere,
365 536 536 586 inruere,
568 536 742 585 inbellis,
775 537 1015 588 inpugnare,
1046 538 1236 588 inligare,
1267 538 1399 589 inpar,
1430 538 1488 576 in-

134 596 311 645 portare,
342 595 501 645 inpune,
533 596 771 645 inprouisus,
802 596 984 646 inpensa,
1023 609 1246 645 surrogare,
1279 598 1489 635 summota.

134 654 330 703 quicquid,
362 654 592 703 catafracta,
623 655 816 705 falanges,
843 655 1030 705 phenum,
1057 655 1175 705 scafa,
1202 655 1376 693 elefanti.
1421 656 1490 694 ob-

133 713 267 762 timus,
289 713 497 762 obponere.
537 713 662 764 cedes,
683 715 861 763 aequites
888 717 921 752 et
946 714 1061 763 aequi
1085 716 1233 762 passim
1259 726 1366 764 corr„
1394 715 1488 765 acie,

133 772 290 822 loetale,
311 784 440 811 mesos
451 768 525 823 (=
538 768 952 824 Moesos),federatus,
971 785 1106 822 poene,
1122 773 1260 812 fedari.
1288 773 1487 824 adrianus,

135 831 311 879 ordeum,
343 831 544 881 inhermis,
576 831 728 880 halani,
761 832 960 879 exaurire,
993 833 1115 880 scola,
1148 833 1292 882 honus,
1326 845 1486 883 arpago,

131 890 433 939 nihilhominus,
466 891 709 940 labyrintus,
740 890 982 930 habundare.
1035 893 1158 934 ostes,
1193 893 1324 941 spata,
1355 891 1485 929 mitri-

132 949 257 999 dates,
290 961 411 998 orror,
444 949 692 997 anthiochus,
723 950 897 999 iugurta,
928 951 1135 999 matheria,
1168 951 1329 999 troclea,
1355 950 1485 989 corda.

131 1008 263 1059 uelud,
289 1009 445 1054 relinqd
472 1003 633 1061 (semel),
660 1009 865 1048 dendatus.
911 1008 1080 1047 Contulit
1104 1010 1173 1047 Du
1198 1010 1320 1055 Rieu;
1353 1011 1488 1048 dubios

130 1067 229 1106 locos
259 1069 342 1115 ipse
371 1069 522 1116 inspexi
554 1062 723 1120 (1869).

250 1127 286 1165 8.
319 1121 478 1179 131)Ξ
500 1128 708 1165 Parisinus
737 1128 862 1175 7231,
893 1128 936 1165 in
966 1128 1032 1174 fol.
1057 1128 1215 1177 minore,
1251 1126 1354 1164 XII.
1387 1139 1484 1165 saec.

128 1185 246 1223 Deest
283 1186 346 1224 lib.
380 1186 454 1224 IV
482 1187 686 1233 31—fin.,
729 1198 848 1234 neque
889 1187 1111 1233 capitulatio
1150 1186 1240 1223 libri
1276 1185 1348 1224 IV
1381 1187 1486 1224 ultra

128 1247 244 1292 caput
275 1246 331 1283 30
356 1246 614 1293 proqreditur,
661 1247 774 1283 etiam
810 1245 965 1283 naualis
1011 1265 1067 1270 —
1113 1244 1314 1282 subnectit
1346 1244 1487 1283 elenchi

128 1304 315 1341 librorum
347 1305 466 1342 uerba
498 1306 641 1342 omissa
679 1307 789 1350 sunt‚·
832 1304 896 1352 fol.
935 1305 987 1342 13
1020 1316 1058 1342 u.
1083 1304 1206 1352 paulo
1246 1306 1334 1342 ante
1369 1305 1486 1350 finem

129 1364 314 1400 recentior
345 1375 486 1401 manus
518 1364 667 1401 addidit
699 1359 779 1403 ‘Fi
809 1364 946 1411 ueyetij
975 1364 1020 1401 cle
1044 1375 1086 1401 re
1110 1363 1272 1410 militarj
1296 1363 1358 1401 lib.
1378 1363 1489 1400 IIII

128 1424 160 1459 et
190 1417 376 1460 ultimus'.
437 1423 549 1459 Inter
587 1425 727 1470 cetera,
763 1417 917 1474 (Solin.,
958 1425 1131 1469 excerpta
1165 1433 1208 1459 ex
1239 1423 1348 1460 libris
1381 1420 1484 1459 Cice-

131 1482 239 1519 ronis
271 1482 323 1519 acl
352 1481 595 1519 Herennium
626 1482 669 1519 in
705 1493 770 1519 sen
802 1484 936 1529 partes
974 1482 1104 1529 diuis„
1143 1480 1221 1518 Cic.
1251 1482 1485 1528 partitiones

127 1543 283 1587 orator„
309 1540 408 1578 Iulii
432 1539 636 1578 Seuer-iani
661 1543 889 1589 syntomata,
920 1541 1060 1588 fraym.
1089 1551 1106 1577 e
1133 1539 1363 1588 Quintiliani
1383 1540 1481 1577 libro

128 1599 283 1642 decimo,
315 1598 448 1637 Sancti
479 1598 692 1647 Auyustini
723 1600 768 1637 cle
798 1601 947 1637 musica
979 1600 1040 1637 lib.
1073 1611 1149 1642 sex,
1185 1598 1261 1637 Cic.
1288 1599 1340 1637 acl
1365 1598 1483 1637 Betu-

124 1659 228 1696 rium
260 1659 323 1696 lib.
362 1659 407 1696 de
447 1653 691 1710 synonymis)
737 1670 833 1706 quae
872 1659 940 1696 hoc
977 1659 1100 1696 coelice
1137 1659 1385 1705 continentur,
1426 1659 1483 1695 in-

124 1719 245 1765 siqnis
284 1720 337 1754 est
375 1713 570 1755 ‘notarum
607 1713 1007 1765 tacliyyraphicarum'
1050 1718 1222 1755 collectio.
1278 1716 1482 1764 Scriptura

123 1777 229 1814 hccucl
259 1778 315 1814 ita
338 1777 518 1824 pulchra,
551 1788 688 1814 uersus
720 1778 859 1824 absque
892 1777 992 1814 linea
1018 1779 1122 1814 recta
1149 1779 1181 1814 et
1207 1777 1480 1824 anqustissimi.

123 1836 234 1873 Inter
266 1836 416 1874 cimelia
446 1836 617 1874 habetur.
677 1835 770 1873 Post
799 1835 998 1874 Haasium
1029 1835 1098 1873 Du
1129 1835 1230 1873 Rieu
1267 1836 1364 1873 alios
1400 1836 1481 1882 ipse

125 1889 279 1947 (1866)
313 1896 465 1933 contuli.
512 1893 738 1942 Complures
770 1895 869 1933 locos
900 1897 1039 1933 iterum
1069 1896 1111 1932 in
1135 1906 1260 1932 meum
1285 1906 1399 1931 usum
1423 1895 1479 1931 in-

123 1957 328 2001 speoeerum
358 1954 433 1992 Dr.
465 1954 676 2002 Zotenberq
709 1957 741 1991 et
771 1954 845 1992 Dr.
877 1952 979 2001 Auy.
1011 1953 1206 2001 Belzayliel
1239 1947 1404 2004 (1868).

244 2015 280 2051 9.
318 2007 392 2066 ΡΞ)
416 2030 470 2043 =
492 2013 770 2051 Perizonianus
809 2008 887 2066 (²⁶³oe
928 2014 1047 2061 leyato
1085 2013 1219 2050 Iacobi
1249 2007 1476 2063 Perisonii’)

124 2072 167 2109 F
197 2074 262 2121 17,
294 2074 336 2110 in
367 2073 433 2119 fol.
471 2074 632 2121 maiore,
674 2072 750 2111 XI.
783 2084 902 2117 saec.;
934 2074 1087 2120 inteyer.
1148 2071 1291 2109 Insunt
1320 2074 1478 2118 praeter

135 2131 329 2179 Veyctium
363 2127 676 2170 ‘Maclzabiorum
709 2132 802 2169 liber
826 2127 996 2180 primus'
1028 2131 1157 2168 multis
1189 2142 1274 2168 cum
1298 2131 1476 2177 imayini-

122 2191 191 2228 bus
223 2185 296 2243 (61
327 2185 431 2243 cap.)
456 2191 532 2229 XI.
552 2202 663 2234 saec„
691 2186 928 2239 ‘Reyistrum
947 2192 1029 2229 siue
1050 2190 1183 2228 tabula
1215 2190 1304 2227 libri
1335 2191 1473 2237 uiyecu·

218 2329 250 2368 1)
277 2327 321 2370 cf.
344 2338 382 2371 p.
416 2327 528 2362 XXI.
627 2327 662 2371 ⁶2)
688 2327 733 2370 cf.
757 2338 793 2371 p.
822 2326 934 2362 XXI.
