1638 2620
117 723 148 745 10

169 84 225 125 58
725 83 804 118 Lib.
832 83 875 127 11,
903 87 959 118 23.

169 183 378 234 prouolare
401 194 488 221 cum
518 182 630 234 saltu,
656 194 762 221 nunc
784 182 968 220 cedentes
989 183 1028 220 in
1050 188 1157 233 terga
1178 182 1343 221 resilire.
1389 182 1514 222 Missi-

170 241 315 280 bilibus
349 243 464 280 etiam
497 241 605 292 palos
638 242 745 292 ipsos
776 240 915 291 procul
947 241 1066 279 ferire
1099 241 1357 293 meditentur,
1399 248 1442 280 ut
1476 248 1514 295 et

170 313 233 339 ars
267 300 460 351 dirigendi
493 306 531 338 et
563 300 746 338 dexterae
779 300 909 338 uirtus
941 301 1066 350 possit
1098 300 1340 339 adcrescere.
1391 299 1514 351 Sagit-

171 361 260 398 tarii
287 371 383 398 uero
412 359 475 397 uel
502 358 723 396 funditores
750 370 900 409 scopaS,
927 358 1000 396 boc
1028 363 1087 397 est
1113 359 1301 398 fruticum
1328 359 1391 398 uel
1418 366 1516 398 stra·

172 421 321 457 minum
348 418 484 468 fasces,
511 429 582 468 pro
610 419 720 468 signo
746 416 956 468 ponebant,
982 418 1035 455 ita
1061 423 1105 456 ut
1125 419 1322 457 sexcentis
1347 418 1514 469 pedibus

170 481 474 516 remouerentur
507 488 527 514 a
561 477 690 527 signo,
731 482 774 514 ut
814 477 965 526 sagittis
998 476 1062 514 uel
1095 482 1202 515 certe
1240 476 1434 528 lapidibus
1469 489 1515 515 ex

170 535 352 574 fustibalo
392 534 596 573 destinatis
637 536 791 585 signum
831 536 987 585 saepius
1027 540 1243 585 tangerent.
1299 535 1515 587 Propterea

170 596 253 632 sine
286 594 547 645 trepidatione
574 595 614 632 in
642 595 723 632 acie
751 593 945 632 faciebant
972 593 1076 644 quod
1104 593 1284 632 ludentes
1309 595 1350 632 in
1377 606 1513 645 campo

169 654 346 692 fecerant
379 665 545 703 semper.
600 652 923 691 Adsuescendum
958 658 1018 690 est
1050 653 1178 703 etiam,
1211 659 1255 691 ut
1287 652 1408 691 semel
1437 659 1517 691 tan-

170 718 251 751 tuin
277 711 401 750 funda
428 713 531 750 circa
559 717 676 762 caput
702 718 867 761 rotetur,
900 723 990 749 cum
1017 723 1063 748 ex
1090 723 1133 749 ea
1154 713 1346 750 emittitur
1367 723 1514 750 saxum.

169 770 245 809 Sed
273 777 311 809 et
338 782 455 809 manu
484 770 563 809 sola
591 781 727 808 omnes
755 770 898 808 milites
925 769 1216 808 meditabantur
1248 770 1399 809 libralia
1426 783 1516 809 saxa

167 832 330 881 iactare,
372 831 438 880 qui
480 841 576 867 usus
615 830 788 880 paratior
829 829 1022 880 creditur,
1068 830 1158 879 quia
1198 841 1275 867 non
1320 829 1518 868 desiderat

168 889 340 927 fundam.
397 888 601 926 Missibilia
641 900 797 938 quoque
841 887 904 926 uel
942 887 1162 938 plumbatas
1194 889 1275 938 iugi
1306 895 1517 939 perpetuo-

171 960 244 999 que
275 949 464 986 exercitio
493 947 661 998 dirigere
697 946 939 997 cogebantur
969 959 1095 997 usque
1130 947 1236 994 adeo,
1270 953 1314 985 ut
1340 953 1516 998 tempore

134 1016 148 1040 5
169 1007 309 1045 hiemis
343 1006 389 1044 de
423 1006 564 1057 tegulis
592 1005 656 1045 uel
683 1005 883 1058 scinduliS,
918 1018 1016 1056 quae
1045 1007 1078 1044 si
1105 1005 1300 1057 deessent,
1334 1012 1441 1044 certe
1469 1006 1516 1044 de

169 1067 322 1116 cannis,
356 1065 447 1104 ulna
480 1065 544 1104 uel
578 1065 705 1103 culmo
740 1071 778 1103 et
810 1066 986 1115 porticus
1020 1070 1250 1115 tegerentur
1283 1065 1330 1103 ad
1364 1067 1517 1115 equites

169 1130 207 1163 et
228 1124 416 1176 quaedam
438 1124 547 1163 uelut
574 1123 755 1162 basilicae
778 1124 823 1162 ad
850 1123 1015 1175 pedites,
1042 1125 1082 1161 in
1114 1123 1257 1173 quibus
1285 1129 1517 1174 tempestate

168 1184 231 1222 uel
264 1185 394 1222 uentis
428 1187 516 1221 aere
550 1183 706 1222 turbato
740 1182 813 1220 snb
847 1189 951 1220 tecto
979 1183 1098 1220 armis
1125 1181 1380 1221 erudiebatur
1407 1195 1518 1221 exer-

169 1244 282 1281 citus.
338 1242 489 1280 Ceteris
516 1249 647 1280 autem
680 1243 795 1279 etiam
829 1241 1006 1280 hibernis
1039 1240 1190 1291 diebus,
1223 1243 1255 1279 si
1288 1243 1401 1280 niues
1433 1247 1516 1279 tan-

114 1312 129 1335 2
172 1308 254 1340 tum
286 1301 522 1352 pluuiaeque
557 1306 775 1352 cessarent,
809 1302 988 1338 exerceri
1021 1299 1262 1350 cogebantur
1294 1301 1334 1338 in
1368 1312 1516 1351 campo,

169 1373 217 1399 110
251 1362 475 1399 intermissa
510 1359 753 1398 consuetudo
787 1366 825 1397 et.
854 1361 1003 1397 animos
1031 1358 1199 1397 militum
1228 1358 1450 1397 debilitaret
1479 1366 1517 1397 et

171 1432 347 1470 corpora.
401 1418 548 1457 Siluani
582 1419 758 1470 caedere,
792 1424 950 1469 portare
984 1430 1115 1469 onera,
1150 1417 1346 1456 transilire
1379 1418 1515 1469 fossas,

191 1509 233 1543 V.
247 1509 286 1544 L.
317 1513 333 1543 1
351 1508 547 1543 missilibus
558 1511 662 1552 (corr.
679 1520 721 1543 eoe
741 1507 980 1543 missibilibus
990 1509 1045 1550 H)
1063 1507 1135 1541 ΠΡ
1188 1512 1207 1541 2
1223 1507 1452 1542 meditantux
1467 1520 1520 1542 απ

240 1556 308 1602 [et]
332 1558 371 1589 Π
418 1560 437 1590 3
459 1557 609 1591 dextrae
629 1557 739 1600 1111]ῃο
790 1560 809 1589 5
838 1555 1027 1589 sexcentos
1046 1554 1159 1599 pedes
1177 1556 1198 1588 δ
1250 1559 1268 1589 6
1297 1554 1409 1590 certis
1424 1555 1519 1599 lapi-

168 1603 277 1637 dibus
293 1604 351 1649 uel
373 1603 396 1637 f.
414 1605 453 1637 H
523 1606 542 1637 8
563 1603 601 1637 in
621 1603 716 1648 acie]
738 1603 760 1637 i.
783 1613 813 1638 a.
840 1602 934 1636 facie
955 1603 990 1636 A
1018 1601 1040 1635 i.
1064 1612 1094 1635 a.
1116 1601 1227 1636 facile
1251 1601 1345 1637 Gz'ss.
1420 1601 1520 1646 quod

167 1650 191 1684 1.
223 1650 305 1685 Θλπ
339 1650 582 1685 conludentes
604 1651 639 1685 A
671 1662 742 1694 quo
776 1649 947 1684 ludentes
969 1649 1019 1683 M
1092 1653 1111 1683 9
1139 1660 1253 1694 semp.
1287 1649 1310 1684 f.
1338 1650 1448 1694 uulyo

171 1702 212 1732 10
242 1697 461 1743 [e]n]ittitur
486 1711 513 1731 π
613 1701 653 1732 13
681 1697 830 1732 missilia
853 1699 892 1730 H
980 1695 1118 1741 iugiter
1144 1697 1166 1730 ὃ
1265 1700 1308 1730 14
1333 1696 1444 1742 adeo]
1472 1696 1520 1731 ad

167 1745 235 1779 hec
262 1747 296 1778 A
323 1744 371 1779 ad
398 1745 489 1779 haee
517 1745 550 1779 G
649 1749 691 1779 15
718 1743 894 1779 scindulis
916 1744 963 1787 (cs
967 1743 1207 1780 111ΞΞ(111111“
1223 1745 1263 1777 Π
1285 1743 1457 1778 scindolis
1471 1743 1517 1788 G)

168 1793 338 1827 Iszdoms
358 1792 471 1837 AnQ
501 1792 686 1826 scandulis
702 1792 736 1826 L
762 1759 946 1826 scandalis
963 1791 1004 1836 Q
1036 1790 1295 1825 scandalosM
1365 1793 1406 1824 18
1432 1802 1520 1825 nen-

167 1839 217 1872 tis
245 1843 328 1874 aere
361 1839 529 1885 turbato]
566 1839 688 1874 uentis
717 1850 799 1873 aere
833 1838 1003 1872 tulbatul
1030 1838 1066 1873 A
1099 1850 1132 1872 u.
1165 1849 1250 1872 aere
1282 1837 1452 1872 turbatos
1476 1837 1525 1872 M

168 1886 290 1920 uentis
317 1886 399 1931 sepe
432 1886 593 1921 turbatis
622 1888 662 1920 H
774 1890 816 1920 21
852 1885 1112 1920 consuetudine
1139 1886 1161 1918 ὃ
1286 1884 1430 1919 animos
1459 1886 1524 1918 11Π

167 1956 312 1990 animus
334 1957 394 1991 Ad
421 1942 565 1993 animos
588 1957 624 1991 P
647 1956 792 1990 animus
814 1956 964 2000 quidem
987 1955 1019 1990 G
1118 1954 1376 1990 debilitaretur
1402 1955 1466 1989 aP

193 2039 227 2074 S.
255 2040 294 2073 L.
384 2044 400 2073 1
428 2039 642 2084 prouolare]
673 2050 775 2083 pern.
804 2041 842 2072 H
938 2037 1095 2083 resilire]
1123 2037 1271 2072 resilere
1299 2050 1314 2071 ε
1414 2041 1433 2071 3
1461 2048 1520 2072 ac-

168 2086 328 2120 crescere
355 2088 395 2121 H
501 2091 522 2120 4
549 2086 696 2131 scopas]
724 2086 823 2130 isoop
826 2086 867 2120 as
888 2087 923 2120 A
1040 2084 1233 2130 fruticum]
1260 2083 1458 2118 fructicum
1484 2086 1520 2118 A

242 2137 259 2167 7
287 2134 502 2180 tangerent]
529 2134 819 2178 tangerenturA
895 2136 915 2167 8
936 2131 1142 2178 faciebant]
1168 2130 1365 2176 fugiebant
1390 2132 1430 2164 H

167 2184 187 2214 9
216 2180 362 2216 asluesc.
391 2182 430 2214 H
512 2184 553 2215 ut
579 2180 705 2226 semel]
733 2181 793 2214 uel
821 2180 842 2215 l.
873 2193 897 2224 μ
977 2184 1020 2214 16
1045 2179 1151 2224 ulna]
1178 2179 1293 2223 gulua.
1318 2180 1357 2212 H
1439 2189 1521 2223 por-

166 2227 263 2262 ticos
286 2227 334 2262 M
387 2233 427 2262 17
457 2227 612 2263 baselice
640 2228 687 2272 A
760 2231 801 2262 18
828 2228 946 2273 tecto]
973 2228 1074 2261 tectu
1100 2226 1148 2271 Al
1231 2229 1272 2261 19
1299 2224 1464 2259 hiuernis
1485 2227 1525 2259 H

266 2278 310 2309 20
336 2275 578 2321 pluuiaeque]
605 2273 798 2320 plumbieq
804 2305 810 2309 .
838 2275 887 2309 M
963 2278 1005 2308 22
1033 2274 1173 2308 honera
1198 2273 1244 2308 A'
1319 2272 1520 2318 transilire]

167 2321 361 2357 transilere
388 2323 423 2357 A
449 2322 655 2358 transsilere
682 2322 732 2357 M
