1638 2620
671 120 752 156 Lib.
779 120 840 165 ΠΙ,
868 124 898 155 9.
1401 120 1455 163 87

115 223 278 273 equites,
310 227 398 258 utra
429 219 581 270 pedites
615 219 755 258 habeat
787 219 982 270 meliores,
1016 218 1298 269 sciendumque
1326 220 1365 256 in
1391 231 1457 269 pe-

113 278 258 318 ditibus
297 278 359 317 uel
399 279 563 316 maxime
602 280 820 316 consistere
860 277 982 316 robur
1021 278 1235 329 exercitus;
1278 283 1317 316 et
1354 278 1458 316 inter

112 338 219 388 ipsos
246 339 407 389 equites,
442 338 529 387 quis
557 338 735 389 eontatis,
770 338 857 387 quis
884 337 1097 388 sagittariis
1124 336 1340 388 antecedat,
1369 338 1457 387 quis

112 395 246 446 plures
275 397 415 435 loricas
448 395 600 446 induat,
635 397 722 446 quis
755 395 934 434 utiliores
968 407 1089 446 equos
1123 395 1348 447 adduxerit3
1390 408 1456 446 po-

112 460 258 493 stremo
285 454 366 493 loca
392 456 487 505 ipsa,
514 455 553 492 in
575 453 718 504 quibus
744 454 998 505 pugnandum
1025 459 1096 507 est,
1124 459 1256 493 utrum
1285 455 1456 492 inimicis
1476 464 1491 488 5

110 526 158 552 an
191 513 303 551 nobis
336 513 543 552 uideantur
575 513 845 565 adcommoda;
879 535 934 540 —
969 526 1055 552 nam
1090 514 1123 552 si
1156 514 1333 564 equitatu
1366 525 1456 564 gau-

109 572 259 623 demus,
293 584 448 623 campos
475 571 662 610 debemus
690 576 836 623 optare,
871 573 903 610 si
929 572 1072 623 pedite,
1105 572 1189 610 loca
1216 571 1360 622 eligere
1391 584 1456 610 an-

109 638 234 683 gusta,
261 631 376 669 fossis
402 630 610 682 paludibus
630 630 695 669 uel
715 630 923 669 arboribus
951 631 1134 682 inpedita,
1163 638 1200 669 et
1221 631 1456 682 aliquotiens

109 696 316 728 montuosa
349 704 422 741 —3
461 691 524 729 cui
563 690 685 740 magis
723 691 854 728 uictus
893 689 1065 729 abundet
1104 695 1171 728 aut
1208 690 1327 741 desit3
1366 702 1457 728 nam

110 750 246 800 sames,
276 754 319 787 ut
345 749 500 801 dieitur,
533 749 773 787 intrinsecus
799 754 946 799 pugnat
973 754 1012 787 et
1039 750 1162 787 uincit
1189 750 1344 799 saepius
1372 750 1455 787 sine
1477 758 1510 782 10

108 808 226 846 ferro.
283 806 350 845 Vel
377 809 539 846 maxime
568 812 698 846 autem
726 807 973 846 tractandum
1005 814 1076 860 est,
1109 813 1243 846 utrum
1276 807 1457 857 expediat

108 867 383 905 necessitatem
416 866 592 916 protrahi
625 878 672 904 an
700 865 869 905 celerius
896 866 1092 913 dimicari3
1125 866 1325 904 interdum
1353 868 1456 904 enim

108 930 241 976 sperat
286 925 536 964 aduersarius
575 925 865 976 expeditionem
905 927 981 964 cito
1026 938 1142 976 posse
1181 926 1286 963 finiri
1325 932 1378 976 et,
1425 927 1457 963 si

107 984 249 1023 dilatus
282 985 402 1022 suerit
434 985 472 1022 in
500 983 671 1036 longum,
704 989 771 1023 aut
803 986 967 1032 penuria
1001 989 1223 1022 maceratur
1256 989 1322 1022 aut
1356 984 1455 1022 desi-

106 1043 216 1082 derio
251 1055 412 1081 suorum
446 1049 657 1082 reuocatur
690 1043 734 1081 ad
768 1045 927 1093 propria
960 1049 1026 1081 aut
1060 1043 1154 1081 nihil
1187 1055 1369 1093 magnum
1403 1043 1455 1080 sa·
1477 1052 1509 1076 15

107 1103 215 1141 ciens
248 1114 319 1152 per
352 1101 669 1152 desperationem
695 1101 801 1140 abire
829 1101 1076 1153 conpellitur.
1135 1102 1235 1140 Tum
1262 1102 1376 1140 fracti
1405 1102 1454 1139 la—

106 1161 202 1199 bore
223 1166 262 1199 et
283 1160 410 1199 taedio
431 1160 592 1210 plurimi
612 1160 812 1211 deserunt,
839 1160 1029 1211 aliquanti
1054 1161 1238 1212 produnt,
1267 1160 1456 1211 aliquanti

107 1232 148 1258 so
182 1220 353 1269 tradunt,
388 1220 478 1270 quia
511 1219 689 1258 aduersis
722 1219 841 1258 rebus
874 1221 1001 1258 rarior
1034 1220 1131 1258 fides
1163 1226 1223 1258 est
1251 1225 1288 1258 et
1314 1219 1455 1258 nudari

105 1280 244 1330 incipit
277 1279 345 1328 qui
377 1279 561 1329 copiosus
594 1278 819 1317 aduenerat.
877 1278 934 1316 Ad
973 1291 1056 1317 rem
1095 1280 1285 1330 pertinet,
1329 1278 1454 1329 qualis

105 1339 189 1389 ipse
217 1337 468 1376 aduersarius
496 1337 559 1376 uel
587 1338 671 1375 eius
699 1339 863 1376 comites
891 1338 1177 1388 optimatesque
1206 1339 1295 1388 sint,
1327 1349 1454 1386 nosse,
1475 1346 1508 1370 20

105 1403 239 1435 utrum
261 1397 463 1434 temerarii
483 1408 530 1434 an
559 1397 676 1447 cauti,
703 1396 869 1434 audaces
897 1408 944 1434 an
975 1397 1110 1448 timidi,
1138 1397 1308 1435 scientes
1330 1402 1455 1434 artem

105 1455 284 1493 bellicam
306 1454 369 1493 uel
391 1467 437 1493 ex
458 1467 534 1493 usu
561 1467 609 1493 an
636 1460 784 1493 temere
811 1461 1050 1507 pugnantes,
1077 1468 1175 1506 quae
1206 1461 1343 1506 gentes
1365 1467 1454 1493 cum

129 1534 171 1568 V.
193 1534 231 1569 L.
290 1538 306 1566 1
330 1532 474 1576 equites
489 1534 574 1567 utra
591 1533 679 1577 parf
693 1533 840 1578 pedites
855 1536 873 1567 λ
930 1538 949 1567 2
973 1533 1064 1578 [uel]
1087 1533 1246 1567 maxime
1260 1536 1278 1567 λ
1335 1538 1355 1567 3
1377 1532 1461 1576 quis

104 1582 214 1625 uulyo
241 1580 303 1624 qui
333 1580 361 1613 O
445 1579 528 1623 quis
556 1581 665 1624 uulyo
698 1580 762 1624 qui
787 1580 869 1615 nGt
895 1592 935 1624 q;
965 1582 1014 1624 (q.
1042 1581 1104 1623 M)
1133 1581 1165 1614 α’
1259 1585 1281 1612 4
1307 1579 1454 1626 induat]

105 1628 242 1662 habeat
261 1629 298 1661 H
322 1626 475 1661 inducat
498 1627 532 1660 V
603 1630 622 1660 5
648 1627 731 1662 loca
757 1627 864 1673 [ipsa]
888 1630 927 1662 H
998 1632 1015 1661 7
1044 1627 1169 1672 pedite
1189 1628 1271 1662 λὸΡ
1294 1627 1410 1672 pediti
1431 1640 1455 1661 α

102 1697 233 1743 pediti]
249 1700 288 1731 H
341 1698 479 1742 eligere
501 1698 677 1732 deuemus
692 1710 722 1732 a.
746 1701 780 1732 H
838 1704 857 1733 9
880 1700 944 1733 aut
964 1699 1041 1732 oc'H
1059 1678 1123 1732 aut
1140 1698 1197 1732 λθ
1217 1708 1263 1731 an
1284 1697 1379 1732 defit
1399 1698 1460 1732 §P

178 1749 219 1779 10
246 1744 449 1779 utrinseeus
471 1744 547 1779 Ser.
645 1745 720 1780 sine
747 1746 786 1789 fs]
815 1757 926 1789 quam
955 1746 1093 1780 ferrum
1120 1744 1344 1780 extrinsecus
1365 1747 1383 1778 λ

106 1797 147 1826 11
176 1792 270 1837 [uel]
297 1792 457 1826 maxime
483 1794 501 1825 λ
566 1796 608 1826 14
635 1792 774 1827 dilatus
792 1795 829 1827 H
839 1793 906 1827 VP
928 1792 1075 1827 delatus
1091 1806 1114 1826 α
1141 1792 1266 1826 delata
1291 1795 1308 1826 λ
1336 1791 1454 1834 Ptela-

104 1839 217 1874 tusD
244 1839 361 1873 dilata
385 1840 496 1883 uulyo
548 1843 590 1873 16
616 1840 702 1873 tune
728 1841 839 1884 uulyo
892 1844 933 1874 18
960 1839 1182 1874 aduersariis
1199 1840 1260 1873 ὂΡ
1285 1839 1447 1874 aduersa-

103 1886 179 1920 rius
200 1889 218 1920 λ
268 1886 322 1931 et]
349 1889 391 1921 ut
418 1899 434 1919 ε
498 1890 539 1920 19
566 1886 746 1932 pertinet]
773 1899 808 1931 p.
837 1886 935 1921 nosse
963 1889 1003 1921 H
1054 1891 1097 1921 20
1127 1886 1361 1932 [optimates]
1390 1886 1454 1929 qui

102 1957 174 1991 sint
187 1957 248 1991 δΡ
294 1956 426 2002 [nosse]
444 1959 481 1991 H
528 1961 570 1991 21
587 1969 634 1991 an
654 1957 769 2003 cauti]
791 1943 950 2002 aut(a1¹‚it
967 1958 1010 2003 Q)
1026 1958 1089 2001 μΡ
1135 1961 1178 1992 22
1194 1957 1255 1992 uel
1269 1968 1314 1990 ex
1328 1956 1392 1990 usu
1406 1967 1454 1990 an

101 2006 239 2039 temere
253 2016 288 2048 p.
304 2017 331 2038 π
349 2004 410 2038 uel
425 2016 469 2038 ex
482 2004 702 2039 ustatemere
719 2004 878 2048 (-timere
892 2007 961 2051 A13
982 2006 1022 2039 in
1038 2005 1070 2039 G
1084 2015 1173 2040 corr.
1190 2005 1230 2038 in
1244 2003 1305 2039 uel
1325 2014 1369 2037 ex
1388 2003 1453 2038 usu

101 2052 256 2096 temere)
277 2064 311 2096 p.
327 2065 350 2085 α
371 2052 431 2085 uel
445 2063 519 2086 non
533 2063 576 2086 ex
591 2051 655 2085 usu
672 2052 720 2097 [a.
736 2053 762 2086 t.
778 2052 830 2098 p.]
846 2055 864 2086 λ
885 2065 931 2087 an
946 2063 1021 2086 non
1037 2063 1080 2086 ex
1094 2052 1158 2086 usu
1172 2053 1258 2086 ant.
1281 2063 1315 2095 p.
1337 2051 1388 2085 St.
1405 2061 1453 2085 an

102 2110 174 2133 non
195 2099 255 2133 uel
276 2110 319 2133 ex
340 2098 404 2133 usu
424 2110 469 2133 an
485 2101 570 2134 tem.
586 2111 621 2143 p.
640 2098 730 2134 Oud.
747 2110 795 2134 an
814 2111 858 2133 ex
872 2100 921 2136 us.
938 2103 963 2135 t.
978 2111 1012 2144 p.
1029 2100 1139 2143 uulyo
1214 2108 1308 2142 quae
1330 2101 1377 2143 (q.
1390 2098 1452 2142 M>

129 2170 162 2204 S.
189 2170 228 2204 L.
294 2174 322 2204 -2
349 2170 460 2204 robor
485 2170 530 2204 A*
618 2174 638 2204 3
666 2170 910 2206 antecediat
935 2171 970 2204 A
1057 2174 1076 2204 6
1103 2167 1365 2214 adcommoda]
1393 2179 1451 2202 ae-

103 2217 296 2252 commoda
312 2219 347 2251 H
395 2216 579 2263 equitatu]
608 2217 773 2261 equitabo
789 2217 822 2251 α’
850 2218 1021 2261 equitatu
1037 2219 1076 2251 H
1122 2220 1142 2250 8
1168 2215 1350 2260 impedita
1369 2215 1455 2249 MH

197 2268 217 2298 9
244 2264 436 2298 habundet
460 2264 527 2298 Aa
590 2268 632 2298 10
658 2264 793 2309 fames]
820 2264 931 2298 famis
954 2262 986 2298 α’
1050 2268 1092 2298 16
1120 2263 1406 2307 disperationem
1434 2275 1449 2296 ε

198 2310 326 2345 habire
346 2312 382 2345 Α
431 2311 668 2356 compellitur
687 2313 726 2346 H
773 2311 909 2346 francti
928 2312 963 2346 A
1016 2316 1057 2345 19
1086 2310 1223 2356 qualis]
1254 2309 1383 2354 quales
1399 2310 1448 2354 Al

198 2361 243 2392 20
271 2357 518 2404 aduersarius]
547 2358 603 2394 -os
625 2360 658 2393 α’
758 2363 800 2393 21
829 2359 965 2404 artem]
994 2358 1093 2393 artes
1114 2359 1233 2393 artem
1260 2358 1294 2392 α’
