1638 2620
201 87 285 128 154
696 86 775 122 Lib.
803 87 884 132 1111,
911 91 966 123 37.
994 91 1050 122 38.

199 191 238 225 et
271 191 538 236 superuentus
569 186 655 224 fieri
689 191 726 224 et
759 191 1000 224 commeatus
1034 185 1352 226 aduersariorum
1386 189 1547 227 nauium

200 244 408 295 aliquando
447 245 631 295 intercipi
671 244 820 283 adsolet
859 249 897 282 et
929 245 1159 295 speculandi
1191 245 1320 284 studio
1354 246 1548 285 aduentus

201 316 335 342 earum
371 303 433 342 uel
466 303 674 342 consilium
707 303 961 354 deprehendi.
1010 303 1066 342 Ne
1100 309 1230 342 tamen
1264 304 1547 355 exploratoriae

201 375 322 401 naues
356 362 524 401 candore
558 362 798 414 prodantur,
831 361 961 400 colore
993 361 1163 414 Veneto,
1197 364 1264 414 qui
1296 365 1458 402 marinis
1491 371 1550 403 est

164 429 180 454 5
203 420 389 460 fluctibus
423 421 572 473 similis,
606 421 690 460 uela
725 422 931 471 tinguntur
963 426 1002 459 et
1034 421 1159 473 funes,
1192 434 1281 460 cera
1315 425 1443 475 etiam,
1475 435 1550 474 qua

57 682 120 704 Nom
127 684 168 703 ina

60 714 87 733 et
105 719 228 733 numerus

152 1021 184 1047 15

203 492 352 530 ungere
373 479 501 519 solent
527 492 660 531 naues,
687 480 871 519 inficitur.
919 479 1147 531 Nautaeque
1174 481 1237 519 uel
1263 481 1407 520 milites
1428 481 1552 520 Vene-

202 546 279 578 tam
313 545 465 577 uestem
499 539 679 591 induunt,
714 544 756 577 ut
787 551 865 577 non
899 539 1024 577 solum
1057 552 1128 590 per
1154 545 1310 578 noctem
1337 540 1405 579 sed
1432 542 1549 580 etiam

201 611 273 649 per
306 597 408 636 diem
443 598 595 636 facilius
627 598 772 636 lateant
805 597 1065 649 explorantes.

199 684 335 703 uentorum
468 656 672 696 XXXVIII.
714 657 789 702 Qui
827 669 916 696 cum
957 658 1132 696 exercitu
1169 659 1327 696 armatis
1360 657 1552 697 classibus

225 719 227 723 “
349 715 520 767 uehitur,
542 715 746 755 turbinum
767 717 876 766 signa
897 715 1014 754 dehet
1034 721 1122 754 ante
1144 728 1417 767 praenoscere.
1459 716 1553 755 Pro-

205 775 314 814 cellis
341 787 509 826 namque
538 780 576 813 et
596 774 782 814 fluctibus
802 774 980 813 liburnae
1001 776 1161 825 grauius
1184 788 1298 825 quam
1320 777 1360 814 ui
1380 775 1553 815 hostium

203 847 319 886 saepe
359 835 585 885 perierunt,
624 835 664 872 in
698 846 772 885 qua
805 840 916 884 parte
950 833 1138 872 naturalis
1171 834 1439 886 philosophiae
1472 840 1552 873 tota

204 900 264 932 est
284 893 503 932 adhibenda
525 893 710 945 sollertia,
738 894 827 944 quia
856 898 1066 931 uentorum
1087 899 1445 944 tempestatumque
1467 906 1550 932 cae-

204 952 293 991 lesti
334 953 487 990 ratione
527 958 665 991 natura
704 951 915 1003 colligitur.
972 951 1021 990 Et
1052 964 1125 1002 pro
1165 952 1377 991 acerbitate
1415 953 1554 1004 pelagi,

205 1013 308 1050 sicut
334 1011 522 1063 prouidos
549 1011 700 1050 cautela
728 1016 890 1062 tutatur,
916 1012 970 1049 ita
996 1010 1250 1061 neglegentes
1277 1013 1470 1062 extinguit
1497 1013 1552 1049 in-

203 1072 324 1109 curia.
369 1070 493 1120 Igitur
520 1076 730 1108 uentorum
758 1081 966 1108 numerum
995 1075 1111 1120 atque
1139 1069 1328 1108 uocabula
1356 1082 1418 1108 ars
1446 1071 1553 1109 naui-

204 1129 319 1180 gandi
351 1130 524 1180 primum
558 1128 675 1167 debet
707 1130 916 1180 inspicere.
960 1127 1123 1166 Veteres
1151 1134 1281 1167 autem
1314 1130 1419 1167 iuxta
1453 1130 1554 1180 posi-

204 1190 351 1227 tionem
398 1188 601 1226 cardinum
647 1193 798 1226 tantum
845 1193 1030 1238 quattuor
1072 1193 1214 1226 uentos
1259 1187 1496 1239 principales
1535 1200 1554 1225 a

204 1247 370 1298 singulis
405 1246 501 1285 caeli
533 1246 711 1298 partibus
744 1246 838 1285 ssarc
873 1245 1106 1298 credebant,
1140 1246 1209 1285 sed
1242 1248 1556 1298 experimentum

226 1361 268 1395 V.
297 1362 337 1395 L.
462 1365 481 1395 *2
508 1359 681 1405 intercipi
707 1356 863 1405 adsolet]
899 1358 1120 1404 intercipias.
1151 1359 1254 1394 Solet
1279 1362 1317 1394 H
1431 1359 1555 1405 specu-

202 1409 321 1454 landi]
359 1408 507 1453 specula
535 1406 635 1452 (spic.
663 1408 713 1451 α’)
740 1420 756 1442 ε
885 1411 904 1441 3
933 1407 1006 1452 [Ne
1031 1410 1158 1441 tamen
1184 1427 1227 1432 ——
1255 1407 1509 1453 explorantes]
1539 1420 1554 1442 ε

203 1458 310 1491 uncis
335 1457 563 1490 incluserunt
582 1455 792 1490 Scriuerius
818 1458 849 1488 et
869 1454 1106 1489 ›S'cmcebeh'us
1204 1458 1223 1489 6
1245 1455 1375 1499 ungeri
1402 1454 1495 1489 solet:
1519 1457 1559 1489 H

299 1503 408 1538 nauis
430 1505 468 1537 Π
562 1502 788 1548 nautaeque]
816 1504 951 1536 nautae
978 1512 1124 1545 quoque
1150 1502 1262 1545 uulyo

277 1551 358 1585 CAP.
386 1549 586 1584 XXXVIII.
639 1553 658 1584 9
686 1549 757 1592 Qui
783 1561 866 1584 cum
892 1547 1056 1583 exercitu
1077 1559 1108 1582 5.
1131 1548 1306 1583 classibus
1321 1548 1472 1583 uehitur
1491 1550 1557 1583 αΠ

206 1598 279 1640 Qui
311 1609 394 1632 cum
428 1596 592 1632 exercitu
625 1607 657 1631 a.
692 1597 737 1632 cl.
770 1595 956 1631 uehuntur
982 1598 999 1629 λ
1034 1594 1263 1640 Quicumque
1296 1595 1497 1630 exercitum
1524 1606 1556 1631 a.

205 1644 383 1680 classibus
407 1645 483 1688 (sed
507 1644 548 1688 b3
578 1645 661 1679 1111.
683 1655 730 1678 er.
759 1644 805 1687 P)
832 1643 939 1678 uehit
971 1643 1041 1677 ΓΡ
1063 1643 1172 1687 1111190
1248 1647 1291 1677 10
1318 1643 1455 1677 debent
1482 1656 1497 1677 ε

207 1719 248 1750 11
276 1715 331 1761 111]
359 1693 464 1750 uisH
512 1719 554 1749 12
581 1715 678 1761 tota]
706 1715 788 1749 tuta
815 1716 852 1748 H
903 1717 944 1748 13
972 1713 1060 1756 quia
1092 1714 1127 1747 V
1149 1714 1237 1757 quia
1264 1714 1310 1758 ad
1337 1714 1373 1749 P
1394 1713 1508 1758 quiad
1534 1727 1557 1747 α

206 1763 271 1807 qui
297 1765 336 1797 H
360 1773 432 1807 qua
457 1765 475 1796 λ
501 1763 612 1808 uulgo
697 1761 912 1807 uentorum]
939 1771 1138 1795 neruorum
1170 1761 1204 1795 V
1279 1761 1558 1806 tempestatum-

204 1811 293 1855 que]
314 1809 688 1855 tempestatummue]
710 1809 743 1843 V
759 1810 1086 1854 temporatumque
1101 1808 1147 1842 A'
1209 1808 1421 1844 caelestium
1441 1808 1488 1842 R.
1503 1808 1557 1842 M.

256 1862 299 1892 14
323 1857 490 1903 [natura]
512 1858 556 1892 A⁷
611 1861 652 1891 16
675 1857 771 1891 Inde
791 1857 836 1891 ab
859 1856 1007 1901 Igitur'
1030 1856 1162 1900 incipit
1178 1855 1218 1889 E
1263 1856 1560 1907 nauigantumH

257 1908 299 1939 18
325 1904 488 1950 tantum]
516 1906 763 1948 tamquamH
811 1903 863 1949 [5]
887 1916 911 1947 μ
972 1906 1014 1937 19
1037 1902 1164 1948 [05511]
1180 1905 1219 1937 H
1266 1901 1558 1947 experimentum

209 1952 425 1997 posteiioris
447 1951 582 1986 aetatis
600 1953 625 1996 (-
614 1951 675 1994 -es,
704 1950 760 1985 -es
775 1951 825 1989 α)
853 1949 1049 1985 duodecim
1070 1963 1094 1983 α
1123 1949 1414 1994 experimentum
1439 1949 1559 1994 pot-io-

209 1999 260 2034 ris
280 1999 417 2034 aetatis
437 1998 506 2033 XII
531 1998 571 2033 E
607 2010 671 2043 per
703 1998 996 2043 experimentum
1028 1996 1233 2041 posteriola
1266 1997 1481 2042 (posteriore-
1508 1997 1558 2040 L)

207 2046 312 2081 aetas
332 2045 485 2090 (et-asL)
507 2046 540 2080 d.
556 2048 574 2079 λ
594 2056 660 2090 per
680 2046 975 2090 expeiimentum
996 2043 1176 2088 posteiior
1196 2044 1300 2078 aetas
1316 2045 1349 2078 d.
1365 2044 1401 2078 P
1417 2044 1559 2088 expeli-

233 2141 267 2175 S.
295 2140 336 2175 Li
437 2144 454 2174 1
483 2139 723 2185 superuentos
746 2153 769 2174 α
856 2138 1084 2174 commeator
1105 2137 1139 2172 α’
1223 2141 1245 2172 4
1271 2137 1448 2184 caudore]
1477 2149 1560 2173 0511-

207 2187 317 2222 dores
337 2188 414 2229 (sed
441 2187 458 2220 s
479 2188 520 2221 in
547 2188 568 2223 l.
595 2191 660 2230 er.)
686 2189 725 2221 H

307 2234 388 2269 CAP.
416 2234 617 2269 XXXVIII.
694 2238 737 2268 10
763 2234 1003 2278 praenuscere
1031 2233 1064 2266 α’
1184 2235 1227 2266 13
1254 2232 1403 2268 solertia
1430 2245 1445 2267 ε

209 2286 253 2316 14
280 2281 484 2316 aceruitate
512 2283 572 2316 εΠ
619 2285 661 2316 17
678 2281 850 2327 Veteres]
866 2281 1004 2316 Verum
1025 2279 1064 2313 Ε
1115 2283 1156 2314 18
1184 2280 1392 2326 cardinum]
1415 2291 1488 2314 -em
1507 2279 1553 2323 Al

303 2329 496 2375 quattuor]
527 2328 678 2373 quartos
701 2328 742 2363 E
835 2328 985 2373 uentos]
1013 2326 1148 2361 uentus
1170 2337 1260 2362 corr.
1291 2328 1331 2362 111
1361 2326 1493 2362 uentos
1514 2326 1563 2360 M
