1638 2620
196 87 252 128 54
711 88 791 123 Lib.
818 88 863 131 ΙΙ,
892 91 944 123 19.
972 91 1029 124 20.

196 192 340 238 tamen,
371 186 409 225 id
443 192 503 225 est
534 186 684 236 lignum
717 187 876 225 foenum
909 198 1048 237 aquam
1081 193 1269 238 stramen,
1301 188 1418 225 etiam
1450 187 1542 238 legi-

195 247 279 284 timi
308 245 451 284 milites
478 247 517 283 in
546 250 673 284 castra
699 245 919 296 portabant.
970 245 1174 285 Munifices
1200 247 1304 284 enim
1331 245 1378 284 ab
1406 258 1451 284 eo
1479 258 1544 298 ap-

55 318 194 369 dpmndunj
211 325 260 368 ”a
253 319 285 367 'i⁰
281 325 325 368 emt
340 304 547 355 pellantur,
564 304 668 354 quod
689 303 784 342 baec
806 316 971 343 munera
984 304 1142 344 faciunt.
1170 304 1250 343 XX.
1271 303 1368 343 Illud
1386 317 1481 343 ue1o
1497 305 1544 344 ab

55 379 125 404 apl

53 437 168 457 nandum

143 725 176 750 10

144 1020 176 1045 15

52 378 266 433 tesuscq.i{{¹¹²²
260 378 326 398 mii-1
341 364 511 413 antiquis
533 362 725 401 diuinitus
749 364 975 402 institutum
996 370 1066 416 est,
1086 369 1130 402 ut
1151 375 1197 402 ex
1220 364 1417 415 donatiuo,
1439 365 1542 415 quod

185 408 266 463 1323.
274 413 315 428 ⁵⁸
318 419 482 459 milites
504 428 782 473 consecuntur,
804 422 961 462 dimidia
987 435 1078 473 pars
1100 428 1421 473 sequestraretur
1441 423 1543 474 apud

195 483 304 531 signa
325 486 364 519 et
385 479 529 518 ibidem
556 481 653 531 ipsis
680 480 868 520 militibus
889 487 1135 533 seruaretur,
1162 494 1210 520 ne
1231 493 1302 532 per
1321 480 1458 520 luxum
1478 489 1545 521 aut

194 541 370 578 inanium
391 551 527 577 rerum
547 541 867 590 conparationem
887 540 934 579 ab
949 513 1299 579 contubernalibus
1319 547 1453 590 posset
1479 541 1543 580 ab-

195 599 308 637 sumi.
354 598 538 649 Plerique
560 600 663 636 enim
685 598 863 637 homines
885 604 923 637 et
943 600 1154 650 praecipue
1174 611 1369 650 pauperes
1390 605 1543 639 tantum

195 663 369 709 erogant,
403 662 592 708 quantum
625 657 770 696 habere
803 659 1016 709 potuerint.
1074 657 1269 708 Sepositio
1306 662 1436 697 autem
1471 660 1544 698 ista

195 718 385 767 pecuniae
407 717 578 766 primum
599 717 695 767 ipsis
717 715 1066 755 contubernalibus
1087 716 1252 755 docetur
1272 716 1544 770 adcommoda;

196 787 285 813 nam
320 787 408 813 cum
441 774 597 826 publica
631 781 904 814 sustententur
937 787 1102 827 annona,
1136 788 1180 814 ex
1215 774 1398 814 omnibus
1427 776 1546 814 dona-

196 835 290 872 tiuis
329 839 497 884 augetur
537 847 674 873 eorum
715 847 787 885 pro
832 834 1041 873 medietate
1087 841 1288 873 castrense
1333 834 1543 885 peculium.

193 892 306 931 Miles
339 893 494 944 deinde,
528 895 595 944 qui
628 899 808 944 sumptus
842 905 935 931 suos
968 894 1042 932 scit
1068 893 1170 944 apud
1197 894 1307 944 signa
1333 892 1546 947 depositos,

196 952 242 990 de
276 952 494 990 deserendo
529 952 625 990 nihil
658 954 813 1002 cogitat,
846 953 968 1003 magis
994 951 1119 1003 diligit
1146 953 1268 1004 signa,
1300 964 1372 1003 pro
1398 952 1474 991 illis
1505 955 1544 992 in

197 1013 279 1049 acie
313 1012 453 1049 fortius
487 1011 657 1063 dimicat,
689 1023 797 1049 more
831 1011 991 1050 humani
1017 1012 1177 1063 ingenii,
1210 1018 1253 1049 ut
1278 1023 1349 1061 pro
1376 1011 1451 1050 illis
1479 1012 1543 1050 ba-

193 1069 284 1109 beat
315 1071 521 1108 maximam
555 1082 700 1116 curam,
734 1072 772 1108 in
802 1070 945 1121 quibus
972 1082 1080 1108 suam
1114 1070 1222 1108 uidet
1254 1070 1424 1121 positam
1458 1083 1544 1109 esse

195 1129 464 1167 substantiam.
517 1129 693 1179 Denique
728 1129 863 1167 decem
896 1129 1028 1180 folles,
1058 1129 1133 1167 hoc
1167 1135 1227 1167 est
1258 1129 1395 1166 decem
1430 1131 1544 1181 sacci,

193 1201 265 1239 per
305 1188 487 1226 cobortes
528 1188 702 1238 singulas
741 1188 1007 1240 ponebantur,
1046 1189 1085 1226 in
1127 1187 1270 1238 quibus
1309 1187 1405 1226 haec
1445 1190 1545 1227 ratio

195 1246 449 1285 condebatur.
508 1246 734 1285 Addebatur
754 1249 870 1285 etiam
905 1259 1042 1286 saccus
1075 1247 1320 1297 undecimus,
1354 1248 1393 1284 in
1427 1259 1542 1297 quem

142 1317 156 1340 2
197 1312 275 1344 tota
302 1305 403 1356 legio
434 1306 665 1357 particulam
687 1306 855 1357 aliquam
876 1305 1117 1357 conserebat,
1143 1305 1369 1356 sepulturae
1392 1306 1544 1346 scilicet

193 1377 329 1415 causa,
367 1371 427 1415 ut,
468 1366 500 1402 si
539 1366 626 1415 quis
666 1378 713 1403 ex
746 1364 1095 1403 contubernalibus
1129 1364 1357 1415 defecisset,
1397 1365 1444 1403 de
1478 1365 1542 1404 illo

215 1455 258 1488 V.
287 1455 325 1489 L.
386 1459 401 1488 1
431 1465 565 1498 aquam
594 1454 710 1489 castra
737 1455 895 1489 stramen
923 1455 983 1488 δΡ
1009 1455 1176 1500 [aquam]
1208 1455 1357 1488 acerata
1383 1455 1544 1490 stramen

195 1502 357 1536 Oudewl.
433 1505 452 1535 2
480 1503 633 1545 portant
653 1504 689 1536 H
762 1501 1050 1546 appellabantur
1076 1503 1115 1535 H
1162 1506 1181 1535 3
1210 1502 1336 1536 munia
1361 1503 1473 1547 uzolyo

191 1548 334 1583 faciant
348 1548 425 1583 DP
472 1548 544 1583 CAP
570 1549 648 1583 XX.
699 1553 718 1583 5
741 1549 1012 1593 consequuntur
1027 1552 1073 1582 λπ
1123 1553 1142 1583 7
1158 1549 1204 1582 ab
1220 1549 1551 1584 contubernalibus

192 1596 301 1640 Lomy
317 1596 363 1630 ab
378 1595 466 1639 ipsis
476 1595 658 1630 militibus
668 1596 873 1631 seruaretur
889 1596 1037 1631 contub.
1049 1597 1083 1629 α’
1103 1597 1149 1630 ab
1164 1595 1254 1640 ipsis
1264 1594 1449 1631 militibus
1459 1607 1546 1631 con-

192 1643 271 1677 tub.
284 1643 377 1677 aGP
387 1643 434 1677 ab
447 1642 538 1687 ipsis
548 1643 807 1678 contubern.n'
824 1644 870 1677 ab
884 1643 973 1688 ipsis
982 1645 1018 1678 et
1033 1644 1180 1677 contub.
1191 1643 1340 1678 Farster
1383 1643 1549 1688 possetP

191 1690 305 1735 possit
331 1691 413 1724 εΠὸ
533 1694 553 1724 9
581 1690 763 1734 Sepositio
791 1691 817 1724 V
829 1690 878 1736 A2
916 1690 977 1725 sed
1007 1690 1141 1734 positio
1164 1691 1201 1723 H
1234 1689 1375 1734 sepotio
1400 1691 1447 1736 A1
1485 1691 1547 1726 sed

192 1739 295 1782 potio
325 1738 373 1771 M
396 1737 549 1772 semotio
578 1738 611 1772 G
637 1737 697 1772 sed
723 1737 961 1782 potiusilffl
984 1737 1165 1782 depositio
1186 1736 1371 1772 Schwebel.
1435 1742 1455 1772 9
1481 1749 1544 1783 pe-

193 1785 302 1819 cunia
328 1785 392 1829 μΡ
442 1788 484 1819 10
512 1785 706 1819 doceretur
733 1787 770 1819 H
818 1785 1101 1820 accommodata.
1122 1785 1182 1819 ὃΡ
1230 1788 1271 1818 12
1299 1785 1489 1828 augeritur
1509 1787 1550 1819 H

265 1831 436 1866 castrensi
463 1835 479 1865 λ
552 1836 594 1866 14
623 1832 699 1878 [de]
728 1845 752 1866 α
821 1832 874 1866 nil
900 1835 938 1866 H
1006 1836 1047 1866 16
1075 1832 1176 1866 suam
1202 1831 1305 1865 uidet
1331 1832 1394 1865 δΡ
1419 1833 1546 1867 uident

194 1879 338 1924 (uident
364 1879 495 1913 uident
520 1881 569 1923 A)
598 1892 613 1913 ε
680 1883 721 1914 18
748 1890 814 1924 per
841 1879 1006 1924 singulas
1029 1878 1200 1914 cohortes
1222 1880 1260 1912 H
1316 1879 1417 1924 pon]
1445 1882 1546 1914 tene-

192 1950 377 1985 banturG
429 1954 470 1984 19
497 1950 715 1985 undecimus
735 1950 767 1985 is
789 1951 827 1985 in
853 1962 962 1994 quem
983 1952 1022 1983 H
1067 1954 1111 1985 ⁴21
1139 1950 1212 1994 sic-1
1237 1960 1326 1984 corr.
1353 1951 1394 1984 in
1420 1950 1448 1984 si
1469 1928 1546 1994 {1er

219 2044 253 2079 S.
270 2046 309 2080 L.
364 2049 380 2079 1
411 2045 560 2080 faenum
582 2047 619 2078 H
668 2049 688 2079 3
715 2045 882 2090 munera]
911 2044 1114 2079 numeraA
1174 2044 1256 2078 CAP.
1283 2043 1360 2077 XX.
1398 2048 1417 2077 5
1440 2044 1546 2078 dimi-

195 2092 270 2137 dia]
300 2092 496 2127 dimidiam
522 2094 561 2126 H
657 2096 676 2127 6
704 2092 858 2136 ibidem]
886 2092 1012 2126 bidem
1038 2093 1086 2136 Al
1180 2091 1399 2136 seruaretur]
1428 2091 1546 2126 serua-

193 2142 320 2174 rentur
348 2142 384 2173 H
467 2143 485 2174 7
514 2139 829 2183 comparationem
858 2140 898 2173 H
974 2138 1084 2183 possit
1110 2137 1266 2183 absumi]
1294 2137 1406 2182 possit
1430 2150 1454 2182 ΕΞ
1480 2139 1543 2173 ab·

195 2186 287 2221 sumi
313 2187 362 2220 M
445 2191 488 2221 10
514 2186 756 2221 accommoda
782 2188 823 2220 H
918 2191 958 2220 11
988 2185 1248 2230 sustententur]
1275 2184 1497 2220 sustentetur
1522 2199 1546 2220 oc

291 2238 333 2268 13
362 2234 487 2280 miles]
516 2233 655 2268 milites
679 2235 718 2267 H
812 2232 997 2279 sumptus]
1026 2232 1192 2279 sumptos
1213 2233 1247 2266 α’
1335 2233 1427 2277 aput
1451 2233 1497 2266 A'

196 2284 239 2314 14
264 2292 331 2325 pro
358 2281 454 2327 illis]
484 2292 550 2325 pro
577 2280 680 2315 illius
702 2281 750 2315 M
772 2280 903 2328 preliis
924 2283 964 2314 H
1045 2284 1086 2314 15
1114 2279 1276 2314 demicat
1301 2280 1348 2325 A1
1428 2280 1545 2326 more]

193 2339 297 2362 mure
324 2329 371 2373 A,
476 2332 517 2362 21
549 2327 726 2363 deficisset
751 2328 799 2362 M
