<?xml version="1.0" encoding="UTF-8"?>
<!DOCTYPE html PUBLIC "-//W3C//DTD XHTML 1.0 Transitional//EN"
    "http://www.w3.org/TR/xhtml1/DTD/xhtml1-transitional.dtd">
<html xmlns="http://www.w3.org/1999/xhtml" xml:lang="en" lang="en">
 <head>
  <title>
</title>
<meta http-equiv="Content-Type" content="text/html;charset=utf-8" />
  <meta name='ocr-system' content='tesseract 3.04.00' />
  <meta name='ocr-capabilities' content='ocr_page ocr_carea ocr_par ocr_line ocrx_word'/>
</head>
<body>
  <div class='ocr_page' id='page_1' title='image "./flavivegetirenat00vegeuoft/flavivegetirenat00vegeuoft_0167.png"; bbox 0 0 1638 2620; ppageno 0'>
   <div class='ocr_carea' id='block_1_1' title="bbox 576 122 1409 167">
    <p class='ocr_par' dir='ltr' id='par_1_1' title="bbox 576 122 1409 167">
     <span class='ocr_line' id='line_1_1' title="bbox 576 122 1409 167; baseline 0.005 -9"><span class='ocrx_word' id='word_1_1' title='bbox 576 122 656 158; x_wconf 80' lang='lat' dir='ltr'>Lib.</span> <span class='ocrx_word' id='word_1_2' title='bbox 681 122 743 167; x_wconf 86' lang='grc' dir='ltr'>ΠΙ,</span> <span class='ocrx_word' id='word_1_3' title='bbox 770 125 825 159; x_wconf 85' lang='lat'>20.</span> <span class='ocrx_word' id='word_1_4' title='bbox 853 126 908 157; x_wconf 84' lang='lat'>21.</span> <span class='ocrx_word' id='word_1_5' title='bbox 1328 123 1409 162; x_wconf 88' lang='grc'>111</span> 
     </span>
    </p>
   </div>
   <div class='ocr_carea' id='block_1_2' title="bbox 65 219 1555 1508">
    <p class='ocr_par' dir='ltr' id='par_1_2' title="bbox 66 219 1413 436">
     <span class='ocr_line' id='line_1_2' title="bbox 69 219 1413 270; baseline -0.001 -10"><span class='ocrx_word' id='word_1_6' title='bbox 69 234 194 261; x_wconf 89' lang='lat' dir='ltr'>cuneo</span> <span class='ocrx_word' id='word_1_7' title='bbox 216 222 563 260; x_wconf 61' lang='lat' dir='ltr'><strong>exercitatissimos</strong></span> <span class='ocrx_word' id='word_1_8' title='bbox 584 221 742 259; x_wconf 85' lang='lat' dir='ltr'>ordines</span> <span class='ocrx_word' id='word_1_9' title='bbox 763 220 983 259; x_wconf 78' lang='lat' dir='ltr'><strong>bellatores,</strong></span> <span class='ocrx_word' id='word_1_10' title='bbox 1025 219 1196 258; x_wconf 84' lang='lat' dir='ltr'>Victoria</span> <span class='ocrx_word' id='word_1_11' title='bbox 1216 221 1320 258; x_wconf 91' lang='lat' dir='ltr'>enim</span> <span class='ocrx_word' id='word_1_12' title='bbox 1341 232 1413 270; x_wconf 87' lang='lat' dir='ltr'>per</span> 
     </span>
     <span class='ocr_line' id='line_1_3' title="bbox 66 278 1412 331; baseline -0.002 -12"><span class='ocrx_word' id='word_1_13' title='bbox 66 292 214 331; x_wconf 82' lang='lat' dir='ltr'>paucos</span> <span class='ocrx_word' id='word_1_14' title='bbox 234 281 318 318; x_wconf 84' lang='lat' dir='ltr'>fieri</span> <span class='ocrx_word' id='word_1_15' title='bbox 339 281 559 319; x_wconf 86' lang='lat' dir='ltr'>consueuit.</span> <span class='ocrx_word' id='word_1_16' title='bbox 602 279 770 318; x_wconf 83' lang='lat' dir='ltr'>Tantum</span> <span class='ocrx_word' id='word_1_17' title='bbox 798 284 868 331; x_wconf 87' lang='lat' dir='ltr'>est,</span> <span class='ocrx_word' id='word_1_18' title='bbox 894 284 938 318; x_wconf 88' lang='lat' dir='ltr'>ut</span> <span class='ocrx_word' id='word_1_19' title='bbox 958 278 1074 318; x_wconf 82' lang='lat' dir='ltr'>electi</span> <span class='ocrx_word' id='word_1_20' title='bbox 1100 291 1120 317; x_wconf 83' lang='lat' dir='ltr'>a</span> <span class='ocrx_word' id='word_1_21' title='bbox 1141 279 1239 317; x_wconf 88' lang='lat' dir='ltr'>duce</span> <span class='ocrx_word' id='word_1_22' title='bbox 1261 280 1412 329; x_wconf 82' lang='lat' dir='ltr'>sapien-</span> 
     </span>
     <span class='ocr_line' id='line_1_4' title="bbox 68 337 1413 391; baseline -0.001 -14"><span class='ocrx_word' id='word_1_23' title='bbox 68 341 221 378; x_wconf 86' lang='lat' dir='ltr'>tissimo</span> <span class='ocrx_word' id='word_1_24' title='bbox 253 340 294 377; x_wconf 92' lang='lat' dir='ltr'>in</span> <span class='ocrx_word' id='word_1_25' title='bbox 332 338 393 377; x_wconf 91' lang='lat' dir='ltr'>his</span> <span class='ocrx_word' id='word_1_26' title='bbox 430 338 546 391; x_wconf 89' lang='lat' dir='ltr'>locis,</span> <span class='ocrx_word' id='word_1_27' title='bbox 584 340 625 377; x_wconf 93' lang='lat' dir='ltr'>in</span> <span class='ocrx_word' id='word_1_28' title='bbox 658 338 801 389; x_wconf 90' lang='lat' dir='ltr'>quibus</span> <span class='ocrx_word' id='word_1_29' title='bbox 839 339 939 376; x_wconf 85' lang='lat' dir='ltr'>ratio</span> <span class='ocrx_word' id='word_1_30' title='bbox 979 343 1018 376; x_wconf 85' lang='lat' dir='ltr'>et</span> <span class='ocrx_word' id='word_1_31' title='bbox 1049 337 1197 377; x_wconf 80' lang='lat' dir='ltr'>utilitas</span> <span class='ocrx_word' id='word_1_32' title='bbox 1228 337 1413 390; x_wconf 82' lang='lat' dir='ltr'>postulat,</span> 
     </span>
     <span class='ocr_line' id='line_1_5' title="bbox 66 398 327 436; baseline 0 0"><span class='ocrx_word' id='word_1_33' title='bbox 66 398 310 436; x_wconf 88' lang='lat' dir='ltr'>ordinentur.</span> <span class='ocrx_word' id='word_1_34' title='bbox 322 405 327 407; x_wconf 80' lang='grc'><em>“</em></span> 
     </span>
    </p>

    <p class='ocr_par' dir='ltr' id='par_1_3' title="bbox 65 455 1555 1508">
     <span class='ocr_line' id='line_1_6' title="bbox 183 455 1555 507; baseline -0.001 -13"><span class='ocrx_word' id='word_1_35' title='bbox 183 455 283 494; x_wconf 88' lang='lat' dir='ltr'>XXI.</span> <span class='ocrx_word' id='word_1_36' title='bbox 340 455 524 507; x_wconf 83' lang='lat' dir='ltr'>Plerique</span> <span class='ocrx_word' id='word_1_37' title='bbox 562 457 621 494; x_wconf 87' lang='lat' dir='ltr'>rei</span> <span class='ocrx_word' id='word_1_38' title='bbox 662 456 843 494; x_wconf 80' lang='lat' dir='ltr'>militaris</span> <span class='ocrx_word' id='word_1_39' title='bbox 887 456 1013 507; x_wconf 83' lang='lat' dir='ltr'>ignari</span> <span class='ocrx_word' id='word_1_40' title='bbox 1051 455 1269 506; x_wconf 83' lang='lat' dir='ltr'>pleniorem</span> <span class='ocrx_word' id='word_1_41' title='bbox 1282 480 1358 501; x_wconf 83' lang='lat' dir='ltr'>Viam</span> <span class='ocrx_word' id='word_1_42' title='bbox 1397 481 1555 501; x_wconf 53' lang='lat' dir='ltr'>abscedendi</span> 
     </span>
     <span class='ocr_line' id='line_1_7' title="bbox 66 510 1554 566; baseline 0.001 -12"><span class='ocrx_word' id='word_1_43' title='bbox 66 517 273 554; x_wconf 82' lang='lat' dir='ltr'>uictoriam</span> <span class='ocrx_word' id='word_1_44' title='bbox 307 514 491 566; x_wconf 88' lang='lat' dir='ltr'>credunt,</span> <span class='ocrx_word' id='word_1_45' title='bbox 532 515 566 553; x_wconf 94' lang='lat' dir='ltr'>si</span> <span class='ocrx_word' id='word_1_46' title='bbox 604 514 853 553; x_wconf 81' lang='lat' dir='ltr'>aduersarios</span> <span class='ocrx_word' id='word_1_47' title='bbox 892 521 959 553; x_wconf 81' lang='lat' dir='ltr'>aut</span> <span class='ocrx_word' id='word_1_48' title='bbox 996 514 1174 553; x_wconf 89' lang='lat' dir='ltr'>locorum</span> <span class='ocrx_word' id='word_1_49' title='bbox 1205 510 1554 560; x_wconf 51' lang='grc' dir='ltr'>ᾶιῑ-ξὲεὲξῆἱῃῗξέἷὲἓξζ</span> 
     </span>
     <span class='ocr_line' id='line_1_8' title="bbox 66 569 1490 625; baseline -0.001 -13"><span class='ocrx_word' id='word_1_50' title='bbox 66 575 206 625; x_wconf 84' lang='lat' dir='ltr'>gustiis</span> <span class='ocrx_word' id='word_1_51' title='bbox 246 580 312 612; x_wconf 84' lang='lat' dir='ltr'>aut</span> <span class='ocrx_word' id='word_1_52' title='bbox 353 578 591 612; x_wconf 78' lang='lat' dir='ltr'>armatorum</span> <span class='ocrx_word' id='word_1_53' title='bbox 631 573 881 611; x_wconf 86' lang='lat' dir='ltr'>multitudine</span> <span class='ocrx_word' id='word_1_54' title='bbox 924 573 1271 624; x_wconf 85' lang='lat' dir='ltr'>circumdederint,</span> <span class='ocrx_word' id='word_1_55' title='bbox 1285 570 1336 590; x_wconf 69' lang='lat'>¹³⁰⁵</span> <span class='ocrx_word' id='word_1_56' title='bbox 1352 569 1490 596; x_wconf 43' lang='grc' dir='ltr'>Ἥκω·</span> 
     </span>
     <span class='ocr_line' id='line_1_9' title="bbox 66 632 1411 683; baseline -0.001 -12"><span class='ocrx_word' id='word_1_57' title='bbox 66 638 110 671; x_wconf 89' lang='lat' dir='ltr'>ut</span> <span class='ocrx_word' id='word_1_58' title='bbox 137 633 284 671; x_wconf 83' lang='lat' dir='ltr'>aditum</span> <span class='ocrx_word' id='word_1_59' title='bbox 312 645 390 670; x_wconf 86' lang='lat' dir='ltr'>non</span> <span class='ocrx_word' id='word_1_60' title='bbox 416 633 621 671; x_wconf 83' lang='lat' dir='ltr'>inueniant</span> <span class='ocrx_word' id='word_1_61' title='bbox 647 632 894 671; x_wconf 80' lang='lat' dir='ltr'>abscedendi.</span> <span class='ocrx_word' id='word_1_62' title='bbox 939 632 1015 670; x_wconf 86' lang='lat' dir='ltr'>Sed</span> <span class='ocrx_word' id='word_1_63' title='bbox 1043 632 1185 671; x_wconf 80' lang='lat' dir='ltr'>clausis</span> <span class='ocrx_word' id='word_1_64' title='bbox 1207 644 1253 670; x_wconf 87' lang='lat' dir='ltr'>ex</span> <span class='ocrx_word' id='word_1_65' title='bbox 1275 632 1411 683; x_wconf 88' lang='lat' dir='ltr'>despe-</span> 
     </span>
     <span class='ocr_line' id='line_1_10' title="bbox 66 691 1411 742; baseline -0.001 -12"><span class='ocrx_word' id='word_1_66' title='bbox 66 693 218 730; x_wconf 82' lang='lat' dir='ltr'>ratione</span> <span class='ocrx_word' id='word_1_67' title='bbox 251 693 395 730; x_wconf 85' lang='lat' dir='ltr'>crescit</span> <span class='ocrx_word' id='word_1_68' title='bbox 427 691 603 742; x_wconf 79' lang='lat' dir='ltr'>audacia,</span> <span class='ocrx_word' id='word_1_69' title='bbox 637 697 676 730; x_wconf 88' lang='lat' dir='ltr'>et</span> <span class='ocrx_word' id='word_1_70' title='bbox 705 703 795 729; x_wconf 91' lang='lat' dir='ltr'>cum</span> <span class='ocrx_word' id='word_1_71' title='bbox 822 692 906 741; x_wconf 87' lang='lat' dir='ltr'>spei</span> <span class='ocrx_word' id='word_1_72' title='bbox 932 691 1029 729; x_wconf 89' lang='lat' dir='ltr'>nihil</span> <span class='ocrx_word' id='word_1_73' title='bbox 1056 697 1132 742; x_wconf 84' lang='lat' dir='ltr'>est,</span> <span class='ocrx_word' id='word_1_74' title='bbox 1160 693 1279 729; x_wconf 87' lang='lat' dir='ltr'>sumit</span> <span class='ocrx_word' id='word_1_75' title='bbox 1306 703 1411 729; x_wconf 81' lang='lat' dir='ltr'>arma</span> 
     </span>
     <span class='ocr_line' id='line_1_11' title="bbox 66 749 1467 801; baseline 0 -13"><span class='ocrx_word' id='word_1_76' title='bbox 66 750 246 789; x_wconf 87' lang='lat' dir='ltr'>formido.</span> <span class='ocrx_word' id='word_1_77' title='bbox 303 750 490 789; x_wconf 83' lang='lat' dir='ltr'>Libenter</span> <span class='ocrx_word' id='word_1_78' title='bbox 523 752 632 801; x_wconf 85' lang='lat' dir='ltr'>cupit</span> <span class='ocrx_word' id='word_1_79' title='bbox 671 751 861 789; x_wconf 82' lang='lat' dir='ltr'>commori</span> <span class='ocrx_word' id='word_1_80' title='bbox 893 751 959 800; x_wconf 89' lang='lat' dir='ltr'>qui</span> <span class='ocrx_word' id='word_1_81' title='bbox 994 751 1077 788; x_wconf 88' lang='lat' dir='ltr'>sine</span> <span class='ocrx_word' id='word_1_82' title='bbox 1111 749 1230 788; x_wconf 90' lang='lat' dir='ltr'>dubio</span> <span class='ocrx_word' id='word_1_83' title='bbox 1264 751 1338 788; x_wconf 86' lang='lat' dir='ltr'>scit</span> <span class='ocrx_word' id='word_1_84' title='bbox 1371 762 1412 788; x_wconf 90' lang='lat' dir='ltr'>se</span> <span class='ocrx_word' id='word_1_85' title='bbox 1433 759 1467 784; x_wconf 88' lang='lat'>10</span> 
     </span>
     <span class='ocr_line' id='line_1_12' title="bbox 67 808 1412 860; baseline -0.001 -12"><span class='ocrx_word' id='word_1_86' title='bbox 67 821 153 848; x_wconf 87' lang='lat' dir='ltr'>esse</span> <span class='ocrx_word' id='word_1_87' title='bbox 186 811 435 848; x_wconf 86' lang='lat' dir='ltr'>moriturum.</span> <span class='ocrx_word' id='word_1_88' title='bbox 491 809 662 860; x_wconf 86' lang='lat' dir='ltr'>Ideoque</span> <span class='ocrx_word' id='word_1_89' title='bbox 697 808 893 859; x_wconf 83' lang='lat' dir='ltr'>Scipionis</span> <span class='ocrx_word' id='word_1_90' title='bbox 927 808 1081 847; x_wconf 78' lang='lat' dir='ltr'>laudata</span> <span class='ocrx_word' id='word_1_91' title='bbox 1113 811 1309 848; x_wconf 82' lang='lat' dir='ltr'>sententia</span> <span class='ocrx_word' id='word_1_92' title='bbox 1341 814 1412 860; x_wconf 88' lang='lat' dir='ltr'>est,</span> 
     </span>
     <span class='ocr_line' id='line_1_13' title="bbox 67 867 1413 919; baseline 0 -13"><span class='ocrx_word' id='word_1_93' title='bbox 67 869 134 919; x_wconf 91' lang='lat' dir='ltr'>qui</span> <span class='ocrx_word' id='word_1_94' title='bbox 166 868 263 906; x_wconf 85' lang='lat' dir='ltr'>dixit</span> <span class='ocrx_word' id='word_1_95' title='bbox 298 869 402 906; x_wconf 81' lang='lat' dir='ltr'>uiam</span> <span class='ocrx_word' id='word_1_96' title='bbox 429 867 627 919; x_wconf 81' lang='lat' dir='ltr'>hostibus,</span> <span class='ocrx_word' id='word_1_97' title='bbox 661 880 734 919; x_wconf 81' lang='lat' dir='ltr'>qua</span> <span class='ocrx_word' id='word_1_98' title='bbox 762 868 962 919; x_wconf 83' lang='lat' dir='ltr'>fugerent,</span> <span class='ocrx_word' id='word_1_99' title='bbox 995 868 1260 906; x_wconf 82' lang='lat' dir='ltr'>muniendam.</span> <span class='ocrx_word' id='word_1_100' title='bbox 1316 867 1413 906; x_wconf 82' lang='lat' dir='ltr'>Nam</span> 
     </span>
     <span class='ocr_line' id='line_1_14' title="bbox 67 926 1412 978; baseline -0.001 -13"><span class='ocrx_word' id='word_1_101' title='bbox 67 939 157 965; x_wconf 87' lang='lat' dir='ltr'>cum</span> <span class='ocrx_word' id='word_1_102' title='bbox 190 926 427 965; x_wconf 79' lang='lat' dir='ltr'>abscedendi</span> <span class='ocrx_word' id='word_1_103' title='bbox 459 927 566 965; x_wconf 82' lang='lat' dir='ltr'>aditu</span> <span class='ocrx_word' id='word_1_104' title='bbox 598 927 793 978; x_wconf 79' lang='lat' dir='ltr'>patefacto</span> <span class='ocrx_word' id='word_1_105' title='bbox 829 932 981 965; x_wconf 80' lang='lat' dir='ltr'>mentes</span> <span class='ocrx_word' id='word_1_106' title='bbox 1014 928 1188 965; x_wconf 89' lang='lat' dir='ltr'>omnium</span> <span class='ocrx_word' id='word_1_107' title='bbox 1223 926 1269 964; x_wconf 82' lang='lat' dir='ltr'>ad</span> <span class='ocrx_word' id='word_1_108' title='bbox 1302 939 1412 977; x_wconf 82' lang='lat' dir='ltr'>prae-</span> 
     </span>
     <span class='ocr_line' id='line_1_15' title="bbox 65 985 1413 1037; baseline -0.001 -13"><span class='ocrx_word' id='word_1_109' title='bbox 65 985 193 1024; x_wconf 82' lang='lat' dir='ltr'>benda</span> <span class='ocrx_word' id='word_1_110' title='bbox 226 991 334 1037; x_wconf 81' lang='lat' dir='ltr'>terga</span> <span class='ocrx_word' id='word_1_111' title='bbox 367 987 660 1037; x_wconf 77' lang='lat' dir='ltr'>consenserint,</span> <span class='ocrx_word' id='word_1_112' title='bbox 693 985 808 1024; x_wconf 88' lang='lat' dir='ltr'>inulti</span> <span class='ocrx_word' id='word_1_113' title='bbox 841 998 949 1023; x_wconf 84' lang='lat' dir='ltr'>more</span> <span class='ocrx_word' id='word_1_114' title='bbox 983 985 1181 1036; x_wconf 85' lang='lat' dir='ltr'>pecudum</span> <span class='ocrx_word' id='word_1_115' title='bbox 1215 985 1413 1024; x_wconf 79' lang='lat' dir='ltr'>trucidan—</span> 
     </span>
     <span class='ocr_line' id='line_1_16' title="bbox 67 1044 1465 1096; baseline -0.002 -13"><span class='ocrx_word' id='word_1_116' title='bbox 67 1052 144 1083; x_wconf 85' lang='lat' dir='ltr'>tur.</span> <span class='ocrx_word' id='word_1_117' title='bbox 205 1044 286 1083; x_wconf 90' lang='lat' dir='ltr'>Nec</span> <span class='ocrx_word' id='word_1_118' title='bbox 325 1046 620 1096; x_wconf 84' lang='lat' dir='ltr'>insequentium</span> <span class='ocrx_word' id='word_1_119' title='bbox 660 1044 782 1083; x_wconf 88' lang='lat' dir='ltr'>ullum</span> <span class='ocrx_word' id='word_1_120' title='bbox 816 1044 1036 1095; x_wconf 85' lang='lat' dir='ltr'>periculum</span> <span class='ocrx_word' id='word_1_121' title='bbox 1071 1050 1148 1096; x_wconf 90' lang='lat' dir='ltr'>est,</span> <span class='ocrx_word' id='word_1_122' title='bbox 1181 1056 1270 1082; x_wconf 88' lang='lat' dir='ltr'>cum</span> <span class='ocrx_word' id='word_1_123' title='bbox 1304 1046 1412 1095; x_wconf 83' lang='lat' dir='ltr'>uicti,</span> <span class='ocrx_word' id='word_1_124' title='bbox 1433 1053 1465 1079; x_wconf 87' lang='lat'>15</span> 
     </span>
     <span class='ocr_line' id='line_1_17' title="bbox 68 1102 1413 1155; baseline 0 -13"><span class='ocrx_word' id='word_1_125' title='bbox 68 1103 212 1154; x_wconf 87' lang='lat' dir='ltr'>quibus</span> <span class='ocrx_word' id='word_1_126' title='bbox 245 1104 403 1142; x_wconf 88' lang='lat' dir='ltr'>defendi</span> <span class='ocrx_word' id='word_1_127' title='bbox 434 1110 663 1155; x_wconf 77' lang='lat' dir='ltr'>potuerant,</span> <span class='ocrx_word' id='word_1_128' title='bbox 690 1116 796 1142; x_wconf 81' lang='lat' dir='ltr'>arma</span> <span class='ocrx_word' id='word_1_129' title='bbox 817 1105 1100 1142; x_wconf 86' lang='lat' dir='ltr'>conuerterint.</span> <span class='ocrx_word' id='word_1_130' title='bbox 1151 1102 1234 1141; x_wconf 92' lang='lat' dir='ltr'>Hoc</span> <span class='ocrx_word' id='word_1_131' title='bbox 1256 1116 1413 1155; x_wconf 85' lang='lat' dir='ltr'>genere,</span> 
     </span>
     <span class='ocr_line' id='line_1_18' title="bbox 68 1162 1412 1214; baseline -0.001 -13"><span class='ocrx_word' id='word_1_132' title='bbox 68 1168 214 1213; x_wconf 82' lang='lat' dir='ltr'>quanto</span> <span class='ocrx_word' id='word_1_133' title='bbox 248 1164 372 1200; x_wconf 82' lang='lat' dir='ltr'>maior</span> <span class='ocrx_word' id='word_1_134' title='bbox 404 1163 541 1214; x_wconf 80' lang='lat' dir='ltr'>fuerit,</span> <span class='ocrx_word' id='word_1_135' title='bbox 574 1169 682 1201; x_wconf 79' lang='lat' dir='ltr'>tanto</span> <span class='ocrx_word' id='word_1_136' title='bbox 717 1162 869 1201; x_wconf 80' lang='lat' dir='ltr'>facilius</span> <span class='ocrx_word' id='word_1_137' title='bbox 895 1162 1106 1201; x_wconf 85' lang='lat' dir='ltr'>multitudo</span> <span class='ocrx_word' id='word_1_138' title='bbox 1132 1164 1412 1213; x_wconf 84' lang='lat' dir='ltr'>prosternitur.</span> 
     </span>
     <span class='ocr_line' id='line_1_19' title="bbox 66 1221 1414 1273; baseline -0.001 -13"><span class='ocrx_word' id='word_1_139' title='bbox 66 1221 203 1272; x_wconf 80' lang='lat' dir='ltr'>Neque</span> <span class='ocrx_word' id='word_1_140' title='bbox 232 1223 335 1260; x_wconf 88' lang='lat' dir='ltr'>enim</span> <span class='ocrx_word' id='word_1_141' title='bbox 362 1221 416 1260; x_wconf 89' lang='lat' dir='ltr'>ibi</span> <span class='ocrx_word' id='word_1_142' title='bbox 442 1222 706 1273; x_wconf 87' lang='lat' dir='ltr'>requirendus</span> <span class='ocrx_word' id='word_1_143' title='bbox 728 1227 787 1260; x_wconf 87' lang='lat' dir='ltr'>est</span> <span class='ocrx_word' id='word_1_144' title='bbox 807 1234 1008 1273; x_wconf 84' lang='lat' dir='ltr'>numerus,</span> <span class='ocrx_word' id='word_1_145' title='bbox 1029 1221 1098 1260; x_wconf 90' lang='lat' dir='ltr'>ubi</span> <span class='ocrx_word' id='word_1_146' title='bbox 1118 1223 1271 1260; x_wconf 81' lang='lat' dir='ltr'>animus</span> <span class='ocrx_word' id='word_1_147' title='bbox 1293 1221 1414 1260; x_wconf 85' lang='lat' dir='ltr'>semel</span> 
     </span>
     <span class='ocr_line' id='line_1_20' title="bbox 66 1280 1412 1332; baseline 0 -14"><span class='ocrx_word' id='word_1_148' title='bbox 66 1282 230 1319; x_wconf 81' lang='lat' dir='ltr'>territus</span> <span class='ocrx_word' id='word_1_149' title='bbox 264 1293 341 1318; x_wconf 87' lang='lat' dir='ltr'>nou</span> <span class='ocrx_word' id='word_1_150' title='bbox 376 1286 452 1318; x_wconf 73' lang='lat' dir='ltr'>tam</span> <span class='ocrx_word' id='word_1_151' title='bbox 485 1281 559 1319; x_wconf 80' lang='lat' dir='ltr'>tela</span> <span class='ocrx_word' id='word_1_152' title='bbox 594 1281 765 1319; x_wconf 87' lang='lat' dir='ltr'>hostium</span> <span class='ocrx_word' id='word_1_153' title='bbox 806 1282 914 1332; x_wconf 88' lang='lat' dir='ltr'>cupit</span> <span class='ocrx_word' id='word_1_154' title='bbox 947 1280 1144 1319; x_wconf 80' lang='lat' dir='ltr'>declinare</span> <span class='ocrx_word' id='word_1_155' title='bbox 1179 1293 1294 1331; x_wconf 81' lang='lat' dir='ltr'>quam</span> <span class='ocrx_word' id='word_1_156' title='bbox 1328 1280 1412 1319; x_wconf 88' lang='lat' dir='ltr'>uul-</span> 
     </span>
     <span class='ocr_line' id='line_1_21' title="bbox 68 1338 1467 1391; baseline -0.003 -13"><span class='ocrx_word' id='word_1_157' title='bbox 68 1345 162 1378; x_wconf 86' lang='lat' dir='ltr'>tum.</span> <span class='ocrx_word' id='word_1_158' title='bbox 221 1338 424 1389; x_wconf 86' lang='lat' dir='ltr'>[Ceterum</span> <span class='ocrx_word' id='word_1_159' title='bbox 453 1340 586 1391; x_wconf 80' lang='lat' dir='ltr'>clausi,</span> <span class='ocrx_word' id='word_1_160' title='bbox 613 1339 705 1378; x_wconf 89' lang='lat' dir='ltr'>licet</span> <span class='ocrx_word' id='word_1_161' title='bbox 732 1340 862 1390; x_wconf 80' lang='lat' dir='ltr'>exigui</span> <span class='ocrx_word' id='word_1_162' title='bbox 888 1352 1053 1378; x_wconf 89' lang='lat' dir='ltr'>numero</span> <span class='ocrx_word' id='word_1_163' title='bbox 1082 1345 1120 1377; x_wconf 89' lang='lat' dir='ltr'>et</span> <span class='ocrx_word' id='word_1_164' title='bbox 1146 1340 1291 1377; x_wconf 84' lang='lat' dir='ltr'>infirmi</span> <span class='ocrx_word' id='word_1_165' title='bbox 1319 1341 1411 1378; x_wconf 85' lang='lat' dir='ltr'>uiri-</span> <span class='ocrx_word' id='word_1_166' title='bbox 1433 1350 1467 1375; x_wconf 86' lang='lat'>20</span> 
     </span>
     <span class='ocr_line' id='line_1_22' title="bbox 66 1397 1412 1451; baseline 0.001 -15"><span class='ocrx_word' id='word_1_167' title='bbox 66 1398 158 1450; x_wconf 86' lang='lat' dir='ltr'>bus,</span> <span class='ocrx_word' id='word_1_168' title='bbox 190 1397 265 1436; x_wconf 87' lang='lat' dir='ltr'>hoc</span> <span class='ocrx_word' id='word_1_169' title='bbox 298 1400 383 1448; x_wconf 88' lang='lat' dir='ltr'>ipso</span> <span class='ocrx_word' id='word_1_170' title='bbox 416 1403 547 1437; x_wconf 77' lang='lat' dir='ltr'>tamen</span> <span class='ocrx_word' id='word_1_171' title='bbox 580 1405 673 1437; x_wconf 87' lang='lat' dir='ltr'>sunt</span> <span class='ocrx_word' id='word_1_172' title='bbox 705 1398 884 1437; x_wconf 87' lang='lat' dir='ltr'>hostibus</span> <span class='ocrx_word' id='word_1_173' title='bbox 917 1410 1050 1451; x_wconf 80' lang='lat' dir='ltr'>pares,</span> <span class='ocrx_word' id='word_1_174' title='bbox 1084 1400 1174 1449; x_wconf 82' lang='lat' dir='ltr'>quia</span> <span class='ocrx_word' id='word_1_175' title='bbox 1202 1398 1412 1449; x_wconf 80' lang='lat' dir='ltr'>desperan-</span> 
     </span>
     <span class='ocr_line' id='line_1_23' title="bbox 66 1456 976 1508; baseline -0.001 -12"><span class='ocrx_word' id='word_1_176' title='bbox 66 1464 126 1496; x_wconf 87' lang='lat' dir='ltr'>tes</span> <span class='ocrx_word' id='word_1_177' title='bbox 160 1459 290 1495; x_wconf 88' lang='lat' dir='ltr'>sciunt</span> <span class='ocrx_word' id='word_1_178' title='bbox 322 1457 425 1495; x_wconf 81' lang='lat' dir='ltr'>aliud</span> <span class='ocrx_word' id='word_1_179' title='bbox 459 1457 533 1496; x_wconf 91' lang='lat' dir='ltr'>sibi</span> <span class='ocrx_word' id='word_1_180' title='bbox 565 1458 683 1496; x_wconf 85' lang='lat' dir='ltr'>licere</span> <span class='ocrx_word' id='word_1_181' title='bbox 717 1470 795 1495; x_wconf 90' lang='lat' dir='ltr'>non</span> <span class='ocrx_word' id='word_1_182' title='bbox 828 1456 976 1508; x_wconf 68' lang='lat' dir='ltr'>posse]</span> 
     </span>
    </p>
   </div>
   <div class='ocr_carea' id='block_1_3' title="bbox 67 1546 1420 1970">
    <p class='ocr_par' dir='ltr' id='par_1_4' title="bbox 91 1546 1317 1592">
     <span class='ocr_line' id='line_1_24' title="bbox 91 1546 1317 1592; baseline 0.001 -12"><span class='ocrx_word' id='word_1_183' title='bbox 91 1547 135 1582; x_wconf 91' lang='lat' dir='ltr'>V.</span> <span class='ocrx_word' id='word_1_184' title='bbox 160 1546 199 1582; x_wconf 89' lang='lat' dir='ltr'>L.</span> <span class='ocrx_word' id='word_1_185' title='bbox 287 1546 368 1581; x_wconf 80' lang='lat' dir='ltr'>CAP.</span> <span class='ocrx_word' id='word_1_186' title='bbox 395 1547 490 1582; x_wconf 86' lang='lat' dir='ltr'>XXI.</span> <span class='ocrx_word' id='word_1_187' title='bbox 590 1552 610 1582; x_wconf 87' lang='grc'>8</span> <span class='ocrx_word' id='word_1_188' title='bbox 638 1546 788 1592; x_wconf 80' lang='lat' dir='ltr'>clausis]</span> <span class='ocrx_word' id='word_1_189' title='bbox 817 1546 930 1582; x_wconf 66' lang='lat' dir='ltr'>labsis</span> <span class='ocrx_word' id='word_1_190' title='bbox 951 1549 991 1581; x_wconf 91' lang='grc' dir='ltr'><em>Π</em></span> <span class='ocrx_word' id='word_1_191' title='bbox 1091 1551 1110 1581; x_wconf 83' lang='grc'>9</span> <span class='ocrx_word' id='word_1_192' title='bbox 1138 1547 1275 1582; x_wconf 74' lang='lat' dir='ltr'>crescet</span> <span class='ocrx_word' id='word_1_193' title='bbox 1302 1560 1317 1581; x_wconf 81' lang='grc' dir='ltr'>ε</span> 
     </span>
    </p>

    <p class='ocr_par' dir='ltr' id='par_1_5' title="bbox 68 1594 1415 1687">
     <span class='ocr_line' id='line_1_25' title="bbox 68 1594 1413 1641; baseline 0.001 -13"><span class='ocrx_word' id='word_1_194' title='bbox 68 1594 186 1628; x_wconf 71' lang='lat' dir='ltr'>sumet</span> <span class='ocrx_word' id='word_1_195' title='bbox 213 1607 228 1628; x_wconf 87' lang='grc' dir='ltr'>ε</span> <span class='ocrx_word' id='word_1_196' title='bbox 331 1598 373 1628; x_wconf 90' lang='grc'>10</span> <span class='ocrx_word' id='word_1_197' title='bbox 400 1594 594 1641; x_wconf 88' lang='lat' dir='ltr'>commori]</span> <span class='ocrx_word' id='word_1_198' title='bbox 629 1595 849 1629; x_wconf 79' lang='lat' dir='ltr'>commorari</span> <span class='ocrx_word' id='word_1_199' title='bbox 876 1607 891 1628; x_wconf 83' lang='grc' dir='ltr'>ε</span> <span class='ocrx_word' id='word_1_200' title='bbox 927 1595 982 1637; x_wconf 71' lang='lat' dir='ltr'>(in</span> <span class='ocrx_word' id='word_1_201' title='bbox 1009 1594 1038 1639; x_wconf 74' lang='lat' dir='ltr'><em>Q</em></span> <span class='ocrx_word' id='word_1_202' title='bbox 1067 1595 1126 1629; x_wconf 77' lang='lat' dir='ltr'>cfi—</span> <span class='ocrx_word' id='word_1_203' title='bbox 1154 1606 1245 1630; x_wconf 75' lang='lat' dir='ltr'>corr.</span> <span class='ocrx_word' id='word_1_204' title='bbox 1274 1596 1313 1629; x_wconf 73' lang='lat' dir='ltr'>in</span> <span class='ocrx_word' id='word_1_205' title='bbox 1340 1596 1413 1638; x_wconf 54' lang='lat' dir='ltr'>cf»)</span> 
     </span>
     <span class='ocr_line' id='line_1_26' title="bbox 165 1641 1415 1687; baseline 0.001 -13"><span class='ocrx_word' id='word_1_206' title='bbox 165 1645 206 1675; x_wconf 88' lang='lat'>11</span> <span class='ocrx_word' id='word_1_207' title='bbox 235 1641 339 1687; x_wconf 81' lang='lat' dir='ltr'>[esse]</span> <span class='ocrx_word' id='word_1_208' title='bbox 368 1643 479 1687; x_wconf 61' lang='lat' dir='ltr'>uulgo</span> <span class='ocrx_word' id='word_1_209' title='bbox 602 1645 643 1676; x_wconf 79' lang='lat'>12</span> <span class='ocrx_word' id='word_1_210' title='bbox 676 1642 848 1686; x_wconf 72' lang='lat' dir='ltr'>fugerent</span> <span class='ocrx_word' id='word_1_211' title='bbox 880 1642 950 1686; x_wconf 73' lang='lat' dir='ltr'>HQ</span> <span class='ocrx_word' id='word_1_212' title='bbox 982 1641 1149 1686; x_wconf 67' lang='lat' dir='ltr'>fugirenb</span> <span class='ocrx_word' id='word_1_213' title='bbox 1182 1655 1205 1675; x_wconf 79' lang='grc' dir='ltr'><em>α</em></span> <span class='ocrx_word' id='word_1_214' title='bbox 1240 1642 1415 1686; x_wconf 74' lang='lat' dir='ltr'>fugerant.</span> 
     </span>
    </p>

    <p class='ocr_par' dir='ltr' id='par_1_6' title="bbox 67 1688 1320 1733">
     <span class='ocr_line' id='line_1_27' title="bbox 67 1688 1320 1733; baseline -0.001 -9"><span class='ocrx_word' id='word_1_215' title='bbox 67 1699 203 1724; x_wconf 69' lang='lat' dir='ltr'>rasura</span> <span class='ocrx_word' id='word_1_216' title='bbox 234 1699 323 1724; x_wconf 66' lang='lat' dir='ltr'>corr.</span> <span class='ocrx_word' id='word_1_217' title='bbox 357 1689 397 1723; x_wconf 79' lang='lat' dir='ltr'>in</span> <span class='ocrx_word' id='word_1_218' title='bbox 428 1690 599 1733; x_wconf 72' lang='lat' dir='ltr'>fugerent</span> <span class='ocrx_word' id='word_1_219' title='bbox 629 1689 664 1723; x_wconf 90' lang='lat' dir='ltr'><em>L</em></span> <span class='ocrx_word' id='word_1_220' title='bbox 695 1688 843 1733; x_wconf 67' lang='lat' dir='ltr'>fugiant</span> <span class='ocrx_word' id='word_1_221' title='bbox 874 1689 911 1723; x_wconf 90' lang='lat' dir='ltr'><em>P</em></span> <span class='ocrx_word' id='word_1_222' title='bbox 941 1690 1051 1733; x_wconf 71' lang='lat' dir='ltr'>uulyo</span> <span class='ocrx_word' id='word_1_223' title='bbox 1082 1688 1271 1733; x_wconf 73' lang='lat' dir='ltr'>refugiant</span> <span class='ocrx_word' id='word_1_224' title='bbox 1297 1690 1320 1723; x_wconf 75' lang='grc' dir='ltr'>ἃ</span> 
     </span>
    </p>

    <p class='ocr_par' dir='ltr' id='par_1_7' title="bbox 67 1735 1414 1782">
     <span class='ocr_line' id='line_1_28' title="bbox 67 1735 1414 1782; baseline 0 -12"><span class='ocrx_word' id='word_1_225' title='bbox 67 1736 182 1782; x_wconf 69' lang='lat' dir='ltr'>mun]</span> <span class='ocrx_word' id='word_1_226' title='bbox 210 1736 361 1770; x_wconf 89' lang='lat' dir='ltr'>minime</span> <span class='ocrx_word' id='word_1_227' title='bbox 388 1735 626 1771; x_wconf 82' lang='lat' dir='ltr'>muniendam</span> <span class='ocrx_word' id='word_1_228' title='bbox 653 1738 676 1770; x_wconf 80' lang='grc' dir='ltr'><em>ὃ</em></span> <span class='ocrx_word' id='word_1_229' title='bbox 798 1740 839 1770; x_wconf 82' lang='lat'>15</span> <span class='ocrx_word' id='word_1_230' title='bbox 871 1735 1158 1782; x_wconf 73' lang='lat' dir='ltr'>insequentium]</span> <span class='ocrx_word' id='word_1_231' title='bbox 1193 1735 1414 1779; x_wconf 82' lang='lat' dir='ltr'>consequen-</span> 
     </span>
    </p>

    <p class='ocr_par' dir='ltr' id='par_1_8' title="bbox 68 1782 1420 1924">
     <span class='ocr_line' id='line_1_29' title="bbox 68 1782 1418 1828; baseline 0.001 -12"><span class='ocrx_word' id='word_1_232' title='bbox 68 1783 161 1817; x_wconf 75' lang='lat' dir='ltr'>tium</span> <span class='ocrx_word' id='word_1_233' title='bbox 182 1783 254 1828; x_wconf 77' lang='grc' dir='ltr'>ὂΡ1</span> <span class='ocrx_word' id='word_1_234' title='bbox 322 1794 404 1817; x_wconf 88' lang='lat' dir='ltr'>cum</span> <span class='ocrx_word' id='word_1_235' title='bbox 431 1782 522 1817; x_wconf 73' lang='lat' dir='ltr'>uicti</span> <span class='ocrx_word' id='word_1_236' title='bbox 543 1783 640 1818; x_wconf 64' lang='lat' dir='ltr'>Lo‘P</span> <span class='ocrx_word' id='word_1_237' title='bbox 663 1783 798 1818; x_wconf 76' lang='lat' dir='ltr'>couioti</span> <span class='ocrx_word' id='word_1_238' title='bbox 827 1784 855 1828; x_wconf 66' lang='lat' dir='ltr'><em>Q</em></span> <span class='ocrx_word' id='word_1_239' title='bbox 883 1782 1047 1818; x_wconf 75' lang='lat' dir='ltr'>conuicti</span> <span class='ocrx_word' id='word_1_240' title='bbox 1073 1796 1096 1816; x_wconf 81' lang='lat' dir='ltr'>oc</span> <span class='ocrx_word' id='word_1_241' title='bbox 1124 1794 1205 1817; x_wconf 86' lang='lat' dir='ltr'>cum</span> <span class='ocrx_word' id='word_1_242' title='bbox 1235 1783 1351 1818; x_wconf 75' lang='lat' dir='ltr'>uincti</span> <span class='ocrx_word' id='word_1_243' title='bbox 1380 1785 1418 1817; x_wconf 87' lang='grc' dir='ltr'><em>Π</em></span> 
     </span>
     <span class='ocr_line' id='line_1_30' title="bbox 164 1829 1420 1876; baseline 0 -12"><span class='ocrx_word' id='word_1_244' title='bbox 164 1835 206 1865; x_wconf 91' lang='grc'>16</span> <span class='ocrx_word' id='word_1_245' title='bbox 234 1830 355 1876; x_wconf 65' lang='lat' dir='ltr'>cond]</span> <span class='ocrx_word' id='word_1_246' title='bbox 384 1830 588 1865; x_wconf 72' lang='lat' dir='ltr'>auerterin‘c</span> <span class='ocrx_word' id='word_1_247' title='bbox 607 1831 652 1865; x_wconf 84' lang='lat' dir='ltr'>R.</span> <span class='ocrx_word' id='word_1_248' title='bbox 677 1831 732 1865; x_wconf 89' lang='lat' dir='ltr'>M.</span> <span class='ocrx_word' id='word_1_249' title='bbox 815 1834 857 1865; x_wconf 82' lang='grc'>17</span> <span class='ocrx_word' id='word_1_250' title='bbox 884 1830 1013 1876; x_wconf 82' lang='lat' dir='ltr'>fuerit]</span> <span class='ocrx_word' id='word_1_251' title='bbox 1040 1829 1153 1865; x_wconf 73' lang='lat' dir='ltr'>fuerit]</span> <span class='ocrx_word' id='word_1_252' title='bbox 1179 1830 1361 1865; x_wconf 75' lang='lat' dir='ltr'>exercitus</span> <span class='ocrx_word' id='word_1_253' title='bbox 1383 1830 1420 1864; x_wconf 90' lang='lat' dir='ltr'><strong><em>P</em></strong></span> 
     </span>
     <span class='ocr_line' id='line_1_31' title="bbox 162 1877 1322 1924; baseline 0.001 -13"><span class='ocrx_word' id='word_1_254' title='bbox 162 1881 206 1911; x_wconf 79' lang='lat'>20</span> <span class='ocrx_word' id='word_1_255' title='bbox 240 1877 428 1922; x_wconf 75' lang='lat' dir='ltr'>[Ceterum</span> <span class='ocrx_word' id='word_1_256' title='bbox 454 1898 500 1902; x_wconf 88' lang='lat'>—</span> <span class='ocrx_word' id='word_1_257' title='bbox 526 1878 650 1924; x_wconf 86' lang='lat' dir='ltr'>posse]</span> <span class='ocrx_word' id='word_1_258' title='bbox 689 1877 825 1913; x_wconf 77' lang='lat' dir='ltr'>Gemoll</span> <span class='ocrx_word' id='word_1_259' title='bbox 946 1878 1085 1923; x_wconf 76' lang='lat' dir='ltr'>exigui]</span> <span class='ocrx_word' id='word_1_260' title='bbox 1121 1877 1253 1921; x_wconf 74' lang='lat' dir='ltr'>exiguo</span> <span class='ocrx_word' id='word_1_261' title='bbox 1286 1878 1322 1912; x_wconf 88' lang='lat' dir='ltr'><em>P</em></span> 
     </span>
    </p>

    <p class='ocr_par' dir='ltr' id='par_1_9' title="bbox 68 1924 1420 1970">
     <span class='ocr_line' id='line_1_32' title="bbox 68 1924 1420 1970; baseline 0 -12"><span class='ocrx_word' id='word_1_262' title='bbox 68 1929 110 1958; x_wconf 78' lang='lat'>22</span> <span class='ocrx_word' id='word_1_263' title='bbox 145 1924 260 1969; x_wconf 74' lang='lat' dir='ltr'>posse]</span> <span class='ocrx_word' id='word_1_264' title='bbox 294 1924 405 1968; x_wconf 84' lang='lat' dir='ltr'>posse.</span> <span class='ocrx_word' id='word_1_265' title='bbox 470 1925 541 1960; x_wconf 81' lang='lat' dir='ltr'>Sed</span> <span class='ocrx_word' id='word_1_266' title='bbox 577 1925 645 1970; x_wconf 77' lang='lat' dir='ltr'>(set</span> <span class='ocrx_word' id='word_1_267' title='bbox 678 1925 741 1970; x_wconf 74' lang='lat' dir='ltr'>Q,;</span> <span class='ocrx_word' id='word_1_268' title='bbox 780 1926 878 1960; x_wconf 78' lang='lat' dir='ltr'>Nam</span> <span class='ocrx_word' id='word_1_269' title='bbox 909 1926 1034 1970; x_wconf 66' lang='lat' dir='ltr'>uulyo)</span> <span class='ocrx_word' id='word_1_270' title='bbox 1072 1936 1146 1959; x_wconf 76' lang='lat' dir='ltr'>una</span> <span class='ocrx_word' id='word_1_271' title='bbox 1184 1925 1282 1959; x_wconf 74' lang='lat' dir='ltr'>salus</span> <span class='ocrx_word' id='word_1_272' title='bbox 1308 1924 1420 1959; x_wconf 71' lang='lat' dir='ltr'>uictis</span> 
     </span>
    </p>
   </div>
   <div class='ocr_carea' id='block_1_4' title="bbox 69 1994 1414 2088">
    <p class='ocr_par' dir='ltr' id='par_1_10' title="bbox 69 1994 1414 2088">
     <span class='ocr_line' id='line_1_33' title="bbox 93 1994 1413 2042; baseline 0 -13"><span class='ocrx_word' id='word_1_273' title='bbox 93 1996 127 2030; x_wconf 72' lang='lat' dir='ltr'>S.</span> <span class='ocrx_word' id='word_1_274' title='bbox 156 1996 196 2030; x_wconf 89' lang='lat' dir='ltr'>L.</span> <span class='ocrx_word' id='word_1_275' title='bbox 296 1994 378 2029; x_wconf 70' lang='lat' dir='ltr'>CAP.</span> <span class='ocrx_word' id='word_1_276' title='bbox 405 1995 501 2030; x_wconf 79' lang='lat' dir='ltr'>XXI.</span> <span class='ocrx_word' id='word_1_277' title='bbox 602 2000 622 2030; x_wconf 89' lang='lat'>5</span> <span class='ocrx_word' id='word_1_278' title='bbox 648 1995 841 2042; x_wconf 75' lang='lat' dir='ltr'>militaris]</span> <span class='ocrx_word' id='word_1_279' title='bbox 869 1995 1052 2030; x_wconf 72' lang='lat' dir='ltr'>militares</span> <span class='ocrx_word' id='word_1_280' title='bbox 1073 1994 1105 2030; x_wconf 75' lang='grc' dir='ltr'>α’</span> <span class='ocrx_word' id='word_1_281' title='bbox 1200 1999 1219 2029; x_wconf 84' lang='lat'><strong>7</strong></span> <span class='ocrx_word' id='word_1_282' title='bbox 1246 1994 1413 2030; x_wconf 74' lang='lat' dir='ltr'>mult-,itu-</span> 
     </span>
     <span class='ocr_line' id='line_1_34' title="bbox 69 2042 1414 2088; baseline 0.001 -12"><span class='ocrx_word' id='word_1_283' title='bbox 69 2042 170 2088; x_wconf 83' lang='lat' dir='ltr'>dine]</span> <span class='ocrx_word' id='word_1_284' title='bbox 198 2054 271 2077; x_wconf 85' lang='lat' dir='ltr'>—em</span> <span class='ocrx_word' id='word_1_285' title='bbox 299 2042 333 2076; x_wconf 79' lang='lat' dir='ltr'>oc⁷</span> <span class='ocrx_word' id='word_1_286' title='bbox 410 2078 415 2083; x_wconf 82' lang='grc'><strong>,</strong></span> <span class='ocrx_word' id='word_1_287' title='bbox 452 2047 472 2078; x_wconf 87' lang='lat'><em>8</em></span> <span class='ocrx_word' id='word_1_288' title='bbox 499 2043 706 2088; x_wconf 72' lang='lat' dir='ltr'>inueniant]</span> <span class='ocrx_word' id='word_1_289' title='bbox 734 2043 900 2078; x_wconf 72' lang='lat' dir='ltr'>inueniat</span> <span class='ocrx_word' id='word_1_290' title='bbox 925 2043 1005 2077; x_wconf 79' lang='lat' dir='ltr'>MG</span> <span class='ocrx_word' id='word_1_291' title='bbox 1084 2042 1322 2088; x_wconf 78' lang='lat' dir='ltr'>abscedendi]</span> <span class='ocrx_word' id='word_1_292' title='bbox 1349 2043 1414 2077; x_wconf 77' lang='lat' dir='ltr'>ab·</span> 
     </span>
    </p>
   </div>
   <div class='ocr_carea' id='block_1_5' title="bbox 68 2086 1413 2201">
    <p class='ocr_par' dir='ltr' id='par_1_11' title="bbox 68 2086 1413 2201">
     <span class='ocr_line' id='line_1_35' title="bbox 68 2086 1413 2147; baseline 0 -12"><span class='ocrx_word' id='word_1_293' title='bbox 68 2100 232 2136; x_wconf 82' lang='lat' dir='ltr'>scidendi</span> <span class='ocrx_word' id='word_1_294' title='bbox 252 2102 288 2135; x_wconf 97' lang='lat' dir='ltr'>A</span> <span class='ocrx_word' id='word_1_295' title='bbox 315 2086 536 2145; x_wconf 54' lang='lat' dir='ltr'>abscedendi</span> <span class='ocrx_word' id='word_1_296' title='bbox 550 2102 599 2137; x_wconf 88' lang='lat' dir='ltr'><em>M</em></span> <span class='ocrx_word' id='word_1_297' title='bbox 652 2102 899 2147; x_wconf 77' lang='lat' dir='ltr'>disperatione</span> <span class='ocrx_word' id='word_1_298' title='bbox 919 2104 982 2147; x_wconf 61' lang='lat' dir='ltr'>Ay,</span> <span class='ocrx_word' id='word_1_299' title='bbox 1033 2106 1051 2136; x_wconf 90' lang='grc'><strong>9</strong></span> <span class='ocrx_word' id='word_1_300' title='bbox 1074 2101 1227 2135; x_wconf 70' lang='lat' dir='ltr'>audatia</span> <span class='ocrx_word' id='word_1_301' title='bbox 1247 2101 1413 2146; x_wconf 80' lang='lat' dir='ltr'>GM(L,)</span> 
     </span>
     <span class='ocr_line' id='line_1_36' title="bbox 164 2148 1413 2201; baseline 0 -19"><span class='ocrx_word' id='word_1_302' title='bbox 164 2153 207 2183; x_wconf 89' lang='lat'>10</span> <span class='ocrx_word' id='word_1_303' title='bbox 234 2148 351 2194; x_wconf 82' lang='lat' dir='ltr'>cupit]</span> <span class='ocrx_word' id='word_1_304' title='bbox 381 2152 492 2201; x_wconf 73' lang='lat' dir='ltr'>capet</span> <span class='ocrx_word' id='word_1_305' title='bbox 518 2161 608 2185; x_wconf 76' lang='lat' dir='ltr'>corr.</span> <span class='ocrx_word' id='word_1_306' title='bbox 636 2151 675 2184; x_wconf 74' lang='lat' dir='ltr'>in</span> <span class='ocrx_word' id='word_1_307' title='bbox 703 2150 805 2194; x_wconf 66' lang='lat' dir='ltr'>cupit</span> <span class='ocrx_word' id='word_1_308' title='bbox 830 2150 866 2184; x_wconf 96' lang='lat' dir='ltr'>A</span> <span class='ocrx_word' id='word_1_309' title='bbox 966 2153 1008 2183; x_wconf 85' lang='lat'>13</span> <span class='ocrx_word' id='word_1_310' title='bbox 1036 2148 1272 2194; x_wconf 81' lang='lat' dir='ltr'>abscedendi]</span> <span class='ocrx_word' id='word_1_311' title='bbox 1300 2148 1413 2183; x_wconf 80' lang='lat' dir='ltr'>absci-</span> 
     </span>
    </p>
   </div>
   <div class='ocr_carea' id='block_1_6' title="bbox 68 2203 1415 2407">
    <p class='ocr_par' dir='ltr' id='par_1_12' title="bbox 68 2203 1415 2360">
     <span class='ocr_line' id='line_1_37' title="bbox 69 2203 1415 2265; baseline 0.001 -13"><span class='ocrx_word' id='word_1_312' title='bbox 69 2219 180 2253; x_wconf 88' lang='lat' dir='ltr'>dendi</span> <span class='ocrx_word' id='word_1_313' title='bbox 206 2220 253 2265; x_wconf 86' lang='lat' dir='ltr'>A1</span> <span class='ocrx_word' id='word_1_314' title='bbox 286 2203 506 2263; x_wconf 54' lang='lat' dir='ltr'>abscedendi</span> <span class='ocrx_word' id='word_1_315' title='bbox 534 2221 583 2254; x_wconf 85' lang='lat' dir='ltr'><strong><em>M</em></strong></span> <span class='ocrx_word' id='word_1_316' title='bbox 675 2221 722 2255; x_wconf 81' lang='lat' dir='ltr'>ad</span> <span class='ocrx_word' id='word_1_317' title='bbox 747 2220 961 2265; x_wconf 80' lang='lat' dir='ltr'>praebenda</span> <span class='ocrx_word' id='word_1_318' title='bbox 986 2219 1107 2265; x_wconf 74' lang='lat' dir='ltr'>terga]</span> <span class='ocrx_word' id='word_1_319' title='bbox 1136 2219 1415 2264; x_wconf 62' lang='lat' dir='ltr'>adpraehendent,</span> 
     </span>
     <span class='ocr_line' id='line_1_38' title="bbox 70 2266 1411 2312; baseline -0.001 -11"><span class='ocrx_word' id='word_1_320' title='bbox 70 2277 157 2311; x_wconf 79' lang='lat' dir='ltr'>erga</span> <span class='ocrx_word' id='word_1_321' title='bbox 182 2268 245 2311; x_wconf 81' lang='grc' dir='ltr'>Αμ</span> <span class='ocrx_word' id='word_1_322' title='bbox 272 2268 317 2301; x_wconf 81' lang='lat' dir='ltr'>ad</span> <span class='ocrx_word' id='word_1_323' title='bbox 344 2268 550 2312; x_wconf 72' lang='lat' dir='ltr'>prehendat</span> <span class='ocrx_word' id='word_1_324' title='bbox 577 2278 664 2312; x_wconf 81' lang='lat' dir='ltr'>erga</span> <span class='ocrx_word' id='word_1_325' title='bbox 691 2268 724 2303; x_wconf 80' lang='lat' dir='ltr'><strong><em>G</em></strong></span> <span class='ocrx_word' id='word_1_326' title='bbox 807 2271 849 2301; x_wconf 82' lang='grc'>14</span> <span class='ocrx_word' id='word_1_327' title='bbox 876 2266 1059 2311; x_wconf 88' lang='lat' dir='ltr'>pecodum</span> <span class='ocrx_word' id='word_1_328' title='bbox 1086 2268 1142 2301; x_wconf 70' lang='grc' dir='ltr'>εΠ</span> <span class='ocrx_word' id='word_1_329' title='bbox 1217 2271 1258 2301; x_wconf 85' lang='grc'>17</span> <span class='ocrx_word' id='word_1_330' title='bbox 1285 2267 1411 2312; x_wconf 75' lang='lat' dir='ltr'>fuerit]</span> 
     </span>
     <span class='ocr_line' id='line_1_39' title="bbox 68 2313 1324 2360; baseline 0.001 -14"><span class='ocrx_word' id='word_1_331' title='bbox 68 2313 206 2348; x_wconf 70' lang='lat' dir='ltr'>fuerint</span> <span class='ocrx_word' id='word_1_332' title='bbox 232 2315 277 2359; x_wconf 92' lang='lat' dir='ltr'>A,</span> <span class='ocrx_word' id='word_1_333' title='bbox 384 2318 426 2349; x_wconf 88' lang='lat'>18</span> <span class='ocrx_word' id='word_1_334' title='bbox 452 2315 531 2359; x_wconf 82' lang='lat' dir='ltr'>ubi]</span> <span class='ocrx_word' id='word_1_335' title='bbox 565 2314 660 2349; x_wconf 84' lang='lat' dir='ltr'>unus</span> <span class='ocrx_word' id='word_1_336' title='bbox 680 2315 726 2360; x_wconf 91' lang='lat' dir='ltr'>A,</span> <span class='ocrx_word' id='word_1_337' title='bbox 832 2318 874 2348; x_wconf 88' lang='lat'>19</span> <span class='ocrx_word' id='word_1_338' title='bbox 901 2314 1064 2359; x_wconf 70' lang='lat' dir='ltr'>uultum]</span> <span class='ocrx_word' id='word_1_339' title='bbox 1097 2313 1257 2348; x_wconf 64' lang='lat' dir='ltr'>inultum</span> <span class='ocrx_word' id='word_1_340' title='bbox 1284 2315 1324 2347; x_wconf 87' lang='lat' dir='ltr'><em>H</em></span> 
     </span>
    </p>

    <p class='ocr_par' dir='ltr' id='par_1_13' title="bbox 71 2360 1168 2407">
     <span class='ocr_line' id='line_1_40' title="bbox 71 2360 1168 2407; baseline -0.001 -12"><span class='ocrx_word' id='word_1_341' title='bbox 71 2365 113 2395; x_wconf 67' lang='lat'>22</span> <span class='ocrx_word' id='word_1_342' title='bbox 141 2361 244 2395; x_wconf 81' lang='lat' dir='ltr'>aliud</span> <span class='ocrx_word' id='word_1_343' title='bbox 270 2360 354 2407; x_wconf 83' lang='lat' dir='ltr'>sibi]</span> <span class='ocrx_word' id='word_1_344' title='bbox 383 2361 478 2396; x_wconf 82' lang='lat' dir='ltr'>alius</span> <span class='ocrx_word' id='word_1_345' title='bbox 500 2361 569 2396; x_wconf 77' lang='lat' dir='ltr'>sibi</span> <span class='ocrx_word' id='word_1_346' title='bbox 595 2364 642 2407; x_wconf 78' lang='lat' dir='ltr'>A,</span> <span class='ocrx_word' id='word_1_347' title='bbox 676 2362 770 2397; x_wconf 76' lang='lat' dir='ltr'>alios</span> <span class='ocrx_word' id='word_1_348' title='bbox 792 2361 860 2395; x_wconf 83' lang='lat' dir='ltr'>sibi</span> <span class='ocrx_word' id='word_1_349' title='bbox 888 2362 936 2395; x_wconf 85' lang='lat' dir='ltr'><strong><em>M</em></strong></span> <span class='ocrx_word' id='word_1_350' title='bbox 960 2360 1053 2395; x_wconf 75' lang='lat' dir='ltr'>aliut</span> <span class='ocrx_word' id='word_1_351' title='bbox 1079 2360 1101 2395; x_wconf 84' lang='lat' dir='ltr'>s.</span> <span class='ocrx_word' id='word_1_352' title='bbox 1131 2363 1168 2394; x_wconf 89' lang='grc' dir='ltr'>Π</span> 
     </span>
    </p>
   </div>
  </div>
 </body>
</html>
