1638 2620
149 102 234 143 120
651 101 730 136 Lib.
757 100 820 144 ΠΙ,
847 105 903 136 25.
929 105 984 136 26.

147 206 334 240 mutatur.
390 200 465 239 Sed
505 212 757 251 quocumque
791 205 939 238 euentu
983 199 1191 251 colligendi
1230 206 1322 239 sunt
1360 212 1491 252 super-

147 261 272 312 stites,
305 259 406 298 bello
439 259 616 309 erigendi
649 258 989 297 adhortationibus
1016 260 1202 310 congruis
1229 264 1268 298 et
1295 270 1491 299 armorum

146 320 432 358 instauratione
466 317 685 356 refoucndi.
742 317 854 356 Tunc
887 319 981 356 noui
1019 317 1206 369 dilectus,
1245 330 1347 356 noua
1379 329 1492 370 quae-

147 384 291 416 runtur
324 377 465 416 auxilia
498 382 549 424 et,
582 376 686 427 quod
719 376 885 427 amplius
917 377 1092 427 prodest,
1125 379 1290 428 captatis
1323 378 1490 416 occasio-

111 445 127 470 5
147 437 264 475 nibus
297 437 336 474 in
369 437 476 487 ipsos
508 437 682 474 uictores
715 447 787 486 per
818 435 993 474 occultas
1031 436 1193 474 insidias
1232 437 1400 487 impetus
1440 435 1492 473 fa-

93 1095 125 1120 15

148 495 312 534 ciendus
345 507 389 533 ac
422 496 477 533 sic
510 494 672 532 audacia
703 494 932 545 reparanda.
988 494 1069 533 Nec
1102 497 1350 546 oportunitas
1387 494 1494 546 defit,

148 566 237 593 cum
264 566 335 605 pro
363 554 548 592 felicitate
575 552 787 604 superbius
815 560 854 592 et
883 555 1080 592 incautius
1107 559 1260 592 mentes
1282 555 1494 592 efferantur

146 613 352 652 humanae.
396 613 437 651 Si
459 613 548 663 quis
569 612 674 650 hunc
695 624 830 651 casum
852 612 1034 651 ultimum
1061 617 1183 664 putat,
1210 614 1354 663 cogitet
1374 624 1492 651 euen-

148 678 211 711 tus
233 674 408 710 omnium
429 671 671 723 proeliorum
692 673 796 710 inter
816 672 926 710 initia
947 677 1084 710 contra
1105 671 1195 710 illos
1216 673 1336 723 magis
1358 671 1496 723 fuisse,

148 731 293 782 quihus
325 732 491 770 uictoria
524 729 755 769 debebatur.

145 875 274 895 neum-um
413 848 562 898 [XXVI.
602 827 835 886 REGULAE
877 847 1149 887 BELLORUM
1182 847 1494 886 GENERALES.

143 920 147 925 ’
290 907 333 946 In
366 907 548 946 omnibus
582 907 744 958 proeliis
776 907 1037 958 expeditionis
1077 907 1255 946 condicio
1293 907 1381 945 talis
1422 913 1497 959 est,

146 972 190 1006 ut
223 967 327 1017 quod
361 966 431 1005 tibi
464 967 626 1018 prodest
659 966 929 1005 aduersarium
963 972 1114 1017 noceat,
1149 966 1253 1017 quod
1285 966 1394 1004 illum
1427 965 1495 1004 ad-

146 1027 257 1065 iuuat
288 1025 360 1064 tibi
394 1038 550 1077 semper
583 1026 739 1064 officiat.
795 1025 1015 1076 Numquam
1050 1037 1142 1075 ergo
1176 1025 1221 1063 ad
1255 1024 1359 1063 illius
1393 1024 1494 1063 arhi-

146 1087 264 1124 trium
292 1085 436 1136 aliquid
466 1086 594 1123 facere
615 1090 682 1123 aut
702 1084 950 1123 dissimulare
978 1083 1178 1131 dehemus,
1206 1084 1273 1122 sed
1301 1083 1339 1121 id
1367 1083 1493 1122 solum

146 1156 280 1196 agere,
319 1144 423 1195 quod
457 1144 569 1182 nobis
603 1143 698 1182 utile
731 1143 962 1181 iudicamus.
1021 1142 1162 1182 Contra
1197 1149 1234 1181 te
1269 1143 1373 1181 enim
1408 1154 1495 1181 esse

145 1204 299 1255 incipis,
334 1204 367 1241 si
399 1204 567 1242 imiteris
600 1203 703 1254 quod
738 1202 830 1240 fecit
856 1202 920 1240 ille
946 1214 1018 1253 pro
1045 1214 1098 1253 sc,
1132 1208 1171 1240 et
1197 1213 1357 1240 rursum
1385 1203 1493 1253 quic·

146 1262 238 1314 quid
271 1274 343 1313 pro
376 1268 441 1300 tua
474 1268 585 1313 parte
618 1263 875 1313 temptaueris
908 1267 1044 1300 contra
1076 1260 1185 1300 illum
1226 1262 1319 1310 erit,
1362 1261 1395 1299 si
1427 1273 1497 1299 uo-

146 1321 264 1360 luerit
296 1322 452 1360 imitari.

168 1423 211 1458 V.
232 1424 272 1458 L.
325 1428 341 1457 1
371 1434 603 1468 quocumque
630 1424 765 1457 euentu
786 1422 847 1456 Gn
874 1432 1105 1465 quocumque
1126 1422 1261 1456 euentu
1282 1414 1302 1455 s
1328 1421 1377 1455 M
1408 1433 1495 1465 quo—

146 1482 301 1515 cumque
330 1470 486 1505 euentus
506 1470 589 1504 sunt
613 1471 648 1504 A
683 1469 906 1514 quicumque
934 1469 1088 1503 euentus
1110 1468 1192 1504 sunt
1218 1471 1236 1502 λ
1273 1468 1498 1514 quicumque

146 1518 302 1553 euentus
323 1518 435 1553 fuerit
459 1519 570 1562 uulyo
667 1521 686 1551 2
716 1515 890 1561 congruis
912 1516 962 1560 et]
991 1527 1019 1550 c.
1048 1516 1107 1550 sed
1135 1517 1189 1559 (in
1215 1516 1250 1550 A
1276 1516 1352 1560 sed)
1382 1530 1399 1551 ε

145 1570 165 1600 3
194 1564 355 1600 dilectus
375 1566 485 1610 uulyo
513 1564 681 1599 delectus
702 1564 764 1598 δΡ
798 1563 925 1597 dilecti
952 1565 986 1596 H
1021 1563 1161 1597 dilectu
1191 1565 1224 1607 (“
1253 1574 1299 1598 er.
1327 1567 1359 1598 et
1385 1563 1404 1597 s
1425 1575 1448 1598 a
1471 1566 1499 1599 2

146 1613 245 1657 add.)
273 1615 308 1647 A
341 1611 521 1647 dilectum
555 1611 623 1655 (di-
654 1613 695 1647 in
727 1611 787 1645 de·
816 1622 905 1645 corr.
935 1610 981 1653 G)
1010 1612 1071 1655 μᾶ
1178 1612 1337 1654 querunt
1363 1613 1403 1645 H

145 1665 165 1694 4
193 1660 373 1705 captatis]
402 1659 593 1704 occupatis
615 1672 631 1693 ε
717 1662 734 1692 7
764 1658 864 1704 cum]
893 1658 980 1691 dum
1008 1660 1046 1692 H
1123 1657 1236 1703 felic]
1264 1657 1446 1693 fidelitate
1473 1659 1496 1692 δ

216 1731 409 1776 superbius
424 1730 534 1775 HPQ
554 1729 723 1776 sapuisA
750 1727 916 1773 superbis
932 1728 1012 1763 Mo*
1038 1706 1206 1774 supbi¹¹s²
1223 1728 1258 1762 L
1284 1728 1459 1773 superbos
1475 1729 1497 1763 δ

240 1777 323 1814 CAP.
350 1778 479 1813 XXVI.
533 1782 574 1812 12
601 1777 642 1811 In
669 1789 765 1812 omn.
793 1788 845 1821 pr.
873 1775 1123 1820 expeditionis
1144 1787 1173 1810 c.
1194 1777 1220 1810 t.
1242 1786 1270 1811 e.
1292 1777 1330 1809 π7
1357 1776 1383 1810 Ι.
1406 1788 1435 1811 o.
1458 1788 1496 1820 p.

145 1824 415 1871 expeditionib3
444 1837 473 1861 c.
494 1827 521 1860 t.
543 1837 572 1859 e.
595 1825 631 1859 P
652 1824 679 1859 Ι.
701 1836 733 1859 o.
755 1836 789 1868 p.
812 1825 849 1858 et:
870 1823 1169 1867 expeditionibus
1185 1834 1214 1857 c.
1237 1825 1261 1858 t.
1284 1834 1313 1857 e.
1337 1823 1494 1859 Sehweb.

146 1874 190 1919 [I.
218 1885 250 1908 o.
277 1885 312 1918 p.
341 1884 370 1908 e.
399 1885 427 1908 e.
456 1876 481 1907 t.
510 1873 557 1918 e.]
586 1885 601 1907 ε
706 1876 747 1906 13
775 1870 983 1905 aduersario
1011 1871 1071 1905 §P
1164 1870 1353 1916 [ad]iuuat
1378 1871 1439 1904 ὃΡ

148 1925 189 1955 15
217 1921 298 1966 aut]
324 1921 386 1955 uel
412 1934 438 1954 π
537 1924 578 1954 17
605 1918 741 1964 incipis
762 1929 853 1953 corr.
881 1929 924 1953 ex
949 1918 1083 1962 incipit
1108 1920 1147 1951 H
1170 1917 1301 1962 incipit
1329 1918 1410 1952 εὸΡ

147 1969 274 2002 Mirus
300 1972 349 2002 est
374 1978 565 2002 consensus
590 1967 700 2001 huius
729 1967 871 2010 primae
895 1966 1106 2010 regularum
1130 1966 1351 2009 §moralium
1373 1966 1494 2008 parti-

145 2017 249 2050 culae
282 2027 360 2050 cum
392 2016 501 2049 initio
534 2015 654 2049 breuis
686 2014 863 2057 excerpti,
895 2013 990 2057 quod
1022 2013 1131 2047 codex
1162 2013 1223 2046 ille
1248 2013 1499 2047 celeberrimus

144 2065 362 2107 scriptoram
387 2063 605 2097 militarimn
628 2061 850 2096 Graecorum
870 2060 1150 2094 Laurentianus
1173 2060 1222 2094 X.
1243 2060 1378 2094 saeculi
1404 2060 1494 2102 folio

146 2113 215 2145 131
243 2111 400 2145 continet
425 2113 457 2144 et
483 2110 543 2144 cui
567 2109 760 2153 inscriptio
792 2111 841 2142 cst
881 2105 957 2141 (Τὰ
985 2105 1037 2146 εἰς
1068 2103 1223 2150 ὕστερον
1261 2103 1495 2153 ἐκβληθέντα

171 2205 205 2238 S.
234 2205 272 2238 L.
380 2209 400 2238 5
427 2203 588 2248 impetos
609 2202 801 2237 faciendos
824 2202 858 2236 α’
970 2205 989 2236 6
1015 2200 1080 2246 sic]
1108 2200 1136 2234 si
1163 2202 1224 2245 Αμ
1322 2201 1494 2246 audacia]

145 2251 339 2285 audatiam
353 2252 416 2296 Αμ
465 2250 690 2296 reparanda]
717 2249 962 2295 reparandam
978 2261 1002 2293 μ
1053 2252 1071 2282 ’7
1100 2247 1314 2294 efferantur]
1337 2248 1495 2283 offeran—

144 2301 204 2333 tur
230 2313 254 2343 μ
351 2302 372 2333 8
399 2298 553 2333 euentos
574 2298 622 2343 Al
724 2301 744 2332 9
770 2295 995 2341 praeliorum
1023 2297 1062 2329 H

239 2345 321 2382 CAP.
343 2345 474 2381 XXVI.
529 2349 570 2380 13
597 2345 752 2380 adiubat
778 2345 826 2389 Al
