1638 2620
139 432 156 457 5

124 727 157 751 10

175 89 232 130 80
705 89 785 124 Lib.
811 89 873 132 111,
901 93 932 123 6.
960 93 990 124 τ.

176 187 300 239 tibus,
346 200 394 226 ne
440 187 568 226 hieme
614 187 793 226 difficiles
838 193 904 225 aut
942 187 1072 225 inuiae
1112 193 1322 226 occurrant
1361 187 1522 239 paludes

175 248 422 297 maioresque
464 251 660 285 torrentes
700 251 739 284 et
775 245 964 296 impedito
1002 246 1143 284 itinere
1185 248 1522 285 circumueniatur

176 307 391 357 exercitis,
437 307 667 356 priusquam
707 305 752 343 ad
799 304 991 343 destinata
1030 306 1247 355 perueniat.
1305 304 1352 343 Vt
1389 311 1522 344 nostra

176 364 435 404 commoditas
462 370 522 402 est
548 365 747 414 sapienter
774 365 848 402 ista
874 364 1013 414 uitare,
1046 364 1109 414 ita,
1143 364 1176 402 si
1203 364 1522 403 aduersariorum

176 425 373 474 imperitia
407 422 471 461 uel
503 422 761 461 dissimulatio
795 423 1041 461 occasionem
1080 421 1192 461 nobis
1234 423 1405 475 dederit,
1444 435 1522 461 non

177 488 333 533 oportet
365 483 506 533 omitti,
538 481 604 519 sed
640 480 843 532 explorare
871 480 1049 532 sollicite,
1075 481 1298 532 proditores
1326 494 1369 521 ac
1396 487 1521 520 trans-

176 542 287 591 fugas
319 541 509 592 inuitare,
550 545 608 591 ut,
649 540 741 591 quid
783 540 907 579 hostis
940 539 1123 578 moliatur
1155 541 1195 578 in
1228 542 1427 591 praesenti
1460 540 1524 579 uel

175 601 214 638 in
249 600 445 651 futurum,
484 600 683 650 possimus
716 611 946 650 agnoscere,
990 600 1214 649 paratisque
1248 599 1447 650 equitibus
1479 612 1523 638 ac

176 658 256 697 leui
294 664 491 697 armatura
530 657 774 696 ambulantes
814 657 972 696 eosdem
1013 657 1075 695 uel
1114 657 1253 708 pabula
1295 660 1523 709 uictumque

177 723 413 806 quaerentes
446 718 650 768 inprouiso
683 723 836 755 terrore
870 716 1064 767 decipere.

35 791 75 816 Q
78 797 134 811 eam
120 791 195 811 amo
198 791 230 811 du
235 791 306 811 mflu
380 775 456 814 VII
497 775 539 814 In
572 777 740 814 tiansitu
775 776 987 814 fluuiorum
1022 777 1154 826 grauis
1188 776 1363 814 molestia
1395 775 1524 826 negle-

76 856 83 870 2
132 827 295 871 tanseuntur.
336 835 520 886 gentibus
547 835 776 886 frequenter
803 835 980 885 emelgit
1012 834 1108 874 Nam
1135 836 1167 873 si
1188 847 1285 902 aqua
1315 835 1525 874 uiolentior

178 895 298 933 fuerit
319 900 385 933 aut
406 894 541 933 alueus
556 895 670 933 latior
671 894 960 946 ,inpedimenta
975 905 1120 944 pueros
1139 899 1178 933 et
1198 895 1305 944 ipsos
1325 894 1524 933 interdum

178 955 402 1003 ignauiores
436 953 535 992 solet
567 965 745 1004 mergere
779 952 998 991 bellatores
1055 952 1157 1004 Ergo
1191 952 1391 1004 explorato
1424 953 1524 991 uado

125 1022 158 1048 15
179 1012 277 1051 duae
300 1014 403 1051 acies
426 1014 603 1063 equitum
623 1012 760 1051 electis
787 1010 1019 1050 animalibus
1046 1012 1279 1050 ordinantur
1305 1012 1525 1051 interuallis

124 1318 157 1342 20

178 1071 482 1122 conpetentibus
516 1077 736 1123 separatae,
779 1077 823 1109 ut
855 1083 926 1122 per
958 1070 1129 1109 medium
1162 1070 1314 1121 pedites
1348 1077 1386 1109 et
1418 1072 1525 1122 inpe-

177 1130 347 1168 dimenta
376 1136 587 1169 transeant.
638 1131 733 1168 Nam
762 1131 865 1168 acies
898 1131 1079 1179 superior
1112 1141 1302 1180 aquarum
1335 1131 1525 1181 impetum

177 1190 332 1241 frangit,
359 1190 524 1227 inferior
552 1191 618 1240 qui
645 1190 748 1240 rapti
774 1188 1037 1239 subuersique
1066 1189 1215 1227 suerint
1241 1188 1388 1240 colligit
1408 1194 1524 1239 atque

178 1250 409 1298 transponit.
455 1249 503 1287 At
530 1261 619 1287 cnm
646 1248 760 1287 altior
787 1248 931 1286 fluctus
960 1260 1031 1286 nec
1058 1248 1232 1299 peditem
1259 1260 1332 1286 nec
1354 1249 1524 1298 equitem

177 1308 336 1359 patitur,
370 1309 402 1345 si
429 1320 499 1358 per
525 1307 638 1358 plana
665 1308 862 1357 decurrat,
888 1307 1017 1346 ductis
1045 1307 1297 1346 multifariam
1326 1309 1525 1358 spargitur

178 1367 293 1404 fossis
339 1367 570 1417 diuisusque
617 1366 728 1405 facile
771 1368 971 1405 transitur.
1030 1365 1215 1417 Nanigeri
1255 1378 1352 1405 uero
1391 1378 1525 1404 amnes

178 1425 276 1464 stilis
316 1426 402 1463 fixis
441 1438 484 1464 ac
521 1427 781 1477 superpositis
816 1425 998 1464 tabulatis
1031 1427 1159 1475 peruii
1192 1426 1290 1464 fiunt
1323 1425 1386 1463 uel
1419 1431 1526 1463 certe

177 1484 434 1523 tumultuario
468 1497 586 1535 opere
621 1484 810 1535 colligatis
842 1483 1024 1522 inanibus
1058 1486 1170 1535 cupis
1202 1484 1422 1534 additisque
1450 1490 1525 1522 tra-

178 1543 292 1581 bibus
326 1545 533 1582 transitum
562 1543 763 1595 praebent.
812 1542 993 1594 Expediti
1021 1555 1117 1581 uero
1145 1545 1298 1594 equites
1326 1544 1451 1581 fasces
1479 1543 1526 1581 de

202 1633 244 1668 V.
264 1633 303 1668 L.
361 1638 381 1668 3
411 1634 459 1668 Vt
485 1633 582 1667 enim
607 1646 641 1667 n.
670 1635 778 1678 unlyo
836 1639 855 1668 6
883 1633 1074 1678 explorare
1095 1633 1263 1676 sollicite,
1284 1633 1524 1678 proditores&

177 1680 389 1726 explora[re
411 1681 433 1715 s.
466 1680 694 1726 prodi]tores
718 1683 754 1715 Π
783 1681 974 1725 explorare
1001 1679 1118 1715 soleat
1148 1691 1275 1714 uerum
1303 1682 1325 1715 δ
1360 1681 1526 1725 explora-

176 1728 278 1762 toies
293 1728 449 1763 sollicite
469 1728 725 1773 proditoiesP
771 1733 791 1763 8
811 1740 850 1761 111
871 1728 994 1762 futtuo
1009 1741 1035 1762 π
1098 1732 1117 1762 9
1139 1727 1298 1773 eosdem]
1314 1728 1460 1763 eosdam
1475 1728 1520 1773 L

177 1775 240 1810 eos
262 1775 359 1810 clam
385 1776 431 1821 L,
441 1776 469 1821 O
553 1775 858 1811 CAP.V11.13
886 1775 1011 1820 latior]
1039 1775 1150 1810 altior
1175 1776 1210 1810 A
1288 1775 1461 1819 inpedim.
1491 1754 1528 1810 et

175 1823 344 1867 pueros).
404 1827 447 1857 16
474 1822 621 1868 pedites
643 1823 712 1868 [et]
739 1823 876 1867 imped
898 1825 935 1856 H
958 1823 1126 1866 peditum
1155 1824 1194 1857 et
1218 1823 1485 1867 impedimenta
1505 1823 1527 1856 δ

275 1875 316 1905 19
343 1883 376 1904 n.
405 1884 434 1903 ν.
462 1883 495 1906 11.
522 1883 558 1915 p.
591 1872 702 1916 uulgo
809 1874 851 1904 22
879 1870 974 1904 stilis
995 1883 1021 1904 π
1053 1869 1198 1904 hastilis
1219 1883 1243 1904 α
1275 1869 1392 1904 astilit
1413 1872 1431 1903 λ

177 1921 221 1951 23
249 1917 453 1964 colligatis]
482 1917 649 1963 alligatis
670 1920 688 1951 λ
786 1921 830 1951 24
856 1917 990 1963 fasces]
1018 1917 1212 1952 fasciculos
1233 1918 1255 1951 δ

203 2001 237 2035 S.
264 2001 303 2035 L.
356 2006 372 2035 1
402 2000 591 2047 difficiles]
620 1999 785 2035 difficilis
808 2014 830 2034 α
911 2004 931 2034 2
958 1999 1126 2045 inpedito
1152 2003 1169 2034 λ
1197 1999 1464 2044 impedimento
1493 1999 1525 2034 G

261 2054 280 2082 6
309 2049 449 2094 omitti]
477 2048 663 2083 committi
690 2049 728 2081 H
800 2052 818 2082 7
847 2048 1039 2093 moliatur]
1068 2049 1234 2082 moratur
1260 2049 1298 2080 H
1369 2051 1389 2081 8
1415 2047 1524 2092 possi-

176 2095 275 2140 mus]
305 2095 489 2140 possemus
510 2095 544 2129 α’
646 2099 688 2129 10
715 2095 903 2141 decipere]
931 2095 1145 2140 deciperent
1170 2107 1193 2128 α

273 2142 355 2177 ΟΑΡ.
385 2144 460 2178 VII.
515 2147 555 2177 11
583 2143 860 2187 negligentibus
881 2143 916 2177 A
1016 2146 1056 2177 13
1084 2142 1163 2187 aut]
1192 2143 1234 2176 ut
1258 2142 1293 2176 A
1376 2142 1522 2187 alueus]

177 2190 308 2224 albens
330 2191 379 2225 M
399 2190 521 2225 aluius
543 2190 590 2235 A1
680 2190 948 2235 impedimenta
973 2191 1012 2224 H
1097 2194 1140 2223 14
1164 2188 1393 2235 ignauiores]
1422 2189 1524 2233 igna-

175 2237 300 2272 biores
324 2239 372 2272 M
427 2242 470 2272 16
498 2237 796 2282 competentibus
818 2239 858 2272 H
909 2236 1176 2282 impedimenta
1204 2237 1292 2270 ῙίΙΠ
1353 2240 1394 2272 18
1422 2236 1524 2271 colli-

177 2284 249 2330 git]
279 2285 432 2330 collegit
456 2286 503 2330 A¹
585 2289 627 2320 19
654 2285 805 2332 fluctus]
831 2285 934 2320 flucti
960 2286 1007 2330 Al
1080 2283 1260 2330 equitem]
1289 2285 1456 2328 equitum
1479 2284 1528 2318 M

272 2336 315 2366 23
342 2333 511 2368 trauibns
531 2333 593 2378 Αμ
