1638 2620
662 113 741 148 Lib.
767 113 795 157 1,
821 116 877 147 20.
1389 111 1443 152 23

100 225 197 252 usus
236 224 314 251 non
351 211 518 264 laborat,
557 214 674 251 etiam
713 213 746 251 si
784 223 950 250 onerosa
982 211 1208 262 gestauerit.
1267 210 1343 249 Sed
1377 210 1444 262 illi,

101 272 169 323 qui
200 271 372 310 laborem
405 271 445 308 in
477 270 679 322 portandis
712 271 916 310 ueteribus
948 271 1204 308 munimentis
1243 281 1445 308 armorum

101 331 205 369 ferre
232 342 311 368 non
337 336 522 381 possunt,
548 329 714 368 detectis
741 329 974 381 corporibus
1002 336 1040 368 et
1060 328 1225 368 uulnera
1246 329 1444 366 sustinere

100 394 294 439 coguntur
332 394 370 427 et
408 394 555 427 mortes
601 394 658 440 et,
696 388 799 439 quod
839 394 899 427 est
938 389 1115 440 grauius,
1155 394 1222 426 aut
1260 388 1347 438 capi
1379 392 1446 425 aut

99 452 207 486 certe
252 448 342 498 fuga
386 446 667 498 rempublicam
715 447 894 498 prodere.
964 447 1028 486 Sic
1073 447 1165 485 dum
1211 447 1480 485 exercitium-5

98 505 352 557 laboremque
385 505 600 557 declinant,
632 518 722 544 cum
761 507 928 544 maximo
968 505 1162 544 dedecore
1196 505 1446 544 trucidantur

99 569 144 604 ut
181 565 363 616 pecudes.
421 564 528 603 Vnde
568 566 672 603 enim
711 565 811 614 apud
852 566 1034 615 antiquos
1070 577 1209 603 murus
1241 563 1446 602 dicebatur

98 624 294 675 pedestris
321 626 537 675 exercitus,
564 625 641 662 nisi
668 624 770 674 quod
799 623 940 673 pilatae
961 623 1136 674 legiones
1156 628 1315 674 praeter
1335 628 1445 661 scuta

100 684 217 721 etiam
250 684 472 721 catafractis
505 682 703 733 galeisque
737 680 967 733 fulgebant?
998 694 1124 733 usque
1157 695 1222 732 e0,
1254 688 1298 720 ut
1330 683 1444 732 sagit-

99 743 189 780 tarii
227 743 386 780 sinistra
423 741 581 780 brachia
620 743 782 779 manicis
820 742 1089 792 munirentur,
1128 741 1281 791 pedites
1314 746 1445 779 autem
1467 752 1500 774 10

100 802 244 839 scutati
276 806 433 851 praeter
471 800 700 839 catafractas
740 806 778 838 et
816 799 944 850 galeas
977 801 1093 838 otiam
1127 801 1276 838 ferreas
1309 811 1446 837 ocreas

99 860 140 897 in
173 859 322 898 dextris
350 859 534 898 cruribus
562 865 799 910 cogerentur
832 861 1022 909 accipere.
1076 859 1140 897 Sic
1167 865 1279 897 erant
1306 859 1447 897 muniti

97 917 171 970 illi,
211 919 279 968 qui
316 919 356 956 in
395 920 519 969 prima
559 920 640 956 acie
679 926 900 969 pugnantes
938 919 1155 969 principes,
1195 919 1234 955 in
1274 916 1447 956 secunda

98 976 258 1029 hastati,
298 978 337 1015 in
376 979 490 1015 tertia
531 978 657 1015 triarii
695 976 947 1015 vocabantur.
1013 977 1088 1015 Sed
1123 977 1248 1014 triarii
1280 975 1447 1027 genibus

97 1037 236 1087 positis
269 1036 447 1075 solebant
478 1037 581 1074 intra
615 1040 724 1074 scuta
758 1035 981 1087 subsidere,
1010 1048 1057 1073 ne
1087 1041 1236 1074 stantes
1263 1034 1445 1074 uulnera·
1467 1045 1499 1069 15

97 1100 237 1133 rentur
263 1094 516 1134 uenientibus
544 1095 632 1133 telis
659 1101 708 1146 et,
732 1107 822 1133 cum
844 1097 1059 1134 necessitas
1079 1094 1330 1145 postulasset,
1351 1101 1447 1132 tam-

98 1165 214 1204 quam
253 1155 423 1205 requieti
461 1153 737 1192 uehementius
778 1154 1013 1193 inuaderent
1052 1154 1202 1204 hostes,
1241 1166 1261 1191 a
1303 1152 1447 1203 quibus

98 1218 253 1251 constat
292 1225 407 1264 saepe
447 1214 587 1251 factam
627 1225 712 1251 esse
754 1215 980 1265 uictoriam,
1021 1210 1109 1251 cuni
1148 1212 1290 1251 hastati
1322 1212 1377 1250 illi
1410 1217 1449 1249 et

98 1272 166 1321 qui
185 1273 340 1322 priores
362 1277 554 1310 steterant
574 1273 815 1311 interissent.
865 1272 988 1310 Erant
1016 1278 1145 1310 tamen
1166 1271 1267 1322 apud
1289 1276 1448 1309 ueteres

97 1331 201 1368 inter
239 1331 392 1381 pedites
439 1333 506 1381 qui
545 1330 778 1369 dicebantur
817 1331 917 1369 leuis
950 1336 1188 1381 armaturae,
1228 1330 1448 1383 funditores
1469 1342 1502 1365 20

98 1392 136 1427 et
176 1390 394 1439 ferentarii,
436 1391 503 1440 qui
542 1391 752 1441 praecipue
791 1391 830 1427 in
872 1389 1057 1428 cornibus
1093 1389 1323 1427 locabantur
1357 1394 1395 1427 et
1428 1400 1448 1426 a

98 1448 242 1499 quibus
267 1449 467 1499 pugnandi
494 1449 724 1486 sumebatur
745 1448 966 1500 exordium,
996 1448 1062 1487 sed
1084 1449 1124 1486 hi
1145 1455 1184 1486 et
1208 1447 1448 1486 uelocissimi

99 1513 139 1545 et
171 1509 487 1546 exercitatissimi
526 1507 774 1559 legebantur3
823 1520 895 1546 nec
936 1514 1047 1546 erant
1082 1507 1289 1545 admodum
1324 1506 1448 1557 multi,

98 1567 166 1616 qui
198 1566 402 1618 cedentes,
436 1568 468 1604 si
500 1566 641 1617 proelii
674 1568 890 1605 necessitas
917 1566 1177 1618 conpulisset,
1210 1568 1314 1604 inter
1340 1567 1447 1616 prin-

98 1626 198 1675 cipia
237 1625 435 1676 legionum
474 1627 596 1676 recipi
636 1625 830 1678 solebant,
872 1627 923 1664 ita
964 1631 1007 1663 ut
1038 1627 1142 1664 acies
1174 1627 1322 1663 inmota
1355 1636 1445 1662 con·
1467 1636 1499 1660 25

97 1685 267 1722 sisteret.
325 1683 454 1735 Vsque
487 1684 533 1722 ad
565 1690 814 1735 praesentem
848 1697 970 1736 prope
1003 1690 1169 1722 aetatem
1202 1683 1448 1722 consuetudo

99 1744 334 1794 permansit,
361 1750 405 1782 ut
431 1755 566 1790 omnes
593 1744 736 1782 milites
763 1744 906 1795 pilleis,
934 1756 1032 1794 quos
1060 1743 1307 1781 Pannonicos
1334 1754 1448 1781 uoca-

123 1867 166 1902 V.
194 1868 233 1903 L.
287 1872 304 1901 1
331 1867 558 1912 gesta-uerint
578 1869 614 1902 P
660 1872 681 1902 4
702 1867 853 1913 grauius
881 1869 917 1902 et
943 1868 1086 1912 turpius
1112 1868 1223 1912 uulyo
1276 1873 1294 1901 5
1321 1868 1449 1912 fugere

100 1914 231 1960 (fugire
254 1916 316 1958 M)
343 1916 484 1960 rempb.
506 1928 529 1949 α
555 1915 683 1959 fugere
704 1917 742 1950 et
761 1928 787 1950 r.
811 1916 885 1960 QP,
954 1914 1131 1950 exercitia
1151 1915 1186 1948 πἼ
1253 1919 1291 1948 11
1316 1914 1455 1950 ferreas

99 1964 137 1996 et
163 1962 266 1996 ereas
288 1962 416 1997 ocreas
438 1964 477 1996 H
549 1967 591 1997 15
617 1962 714 1997 inter
738 1962 841 1997 scuta
867 1963 975 1997 DPG
1052 1967 1091 1997 17
1121 1962 1174 2007 [a]
1204 1961 1339 2005 quibus
1361 1975 1376 1996 ε

101 2013 143 2043 19
170 2009 214 2054 1.]
236 2011 360 2044 autem
380 2011 491 2054 uulyo
541 2014 586 2044 20
606 2012 793 2045 armatura
817 2012 981 2054 suspicor
1030 2014 1073 2043 22
1096 2009 1134 2043 hi
1155 2010 1206 2054 et]
1229 2009 1267 2043 hi
1290 2009 1356 2054 [et]
1381 2009 1450 2054 QD

97 2057 137 2090 et
162 2056 201 2090 hi
227 2057 263 2090 P
327 2061 372 2091 24
398 2059 435 2091 et:
461 2058 557 2091 inter
586 2058 614 2102 (4)
682 2061 726 2091 26
753 2058 883 2103 prope]
912 2068 1058 2101 quoque
1086 2058 1122 2091 P
1179 2061 1221 2091 27
1251 2058 1386 2091 uocant
1412 2056 1449 2090 π’

125 2162 158 2197 S.
188 2163 225 2197 L.
326 2168 343 2198 1
370 2163 550 2198 honerosa
576 2163 632 2198 εΡ
724 2168 743 2197 2
772 2163 1028 2209 munimentis]
1060 2162 1299 2197 monimentis
1320 2163 1360 2196 H

99 2214 121 2244 3
147 2209 328 2245 sustenere
354 2211 400 2245 A'
508 2216 528 2244 4
555 2210 710 2255 mortes]
739 2210 837 2245 artes
865 2211 913 2245 M
1010 2216 1028 2245 7
1056 2212 1148 2255 aput
1173 2212 1209 2244 A
1306 2209 1448 2255 murus]

100 2257 226 2291 muros
245 2257 290 2291 A'
392 2262 433 2292 11
461 2257 601 2292 ferreas
622 2258 765 2293 soci-eas
784 2258 819 2291 A
901 2261 942 2292 18
970 2257 1079 2292 astati
1099 2259 1139 2291 H
1219 2262 1260 2291 19
1288 2259 1378 2302 aput
1403 2257 1448 2291 A'

100 2305 162 2349 (ap
188 2305 248 2349 M)
347 2308 392 2340 20
418 2305 572 2350 pedetes
594 2306 642 2339 M
738 2309 780 2339 22
808 2304 861 2339 hii
886 2308 921 2339 A
1008 2309 1053 2339 24
1080 2304 1312 2350 compulisset
1338 2306 1377 2338 H

99 2354 145 2385 25
172 2350 327 2387 immota
352 2354 390 2386 H
486 2357 530 2387 27
558 2352 698 2398 pilleis]
729 2351 861 2397 pelleis
883 2353 946 2397 μΡ
