1638 2620
593 138 673 173 Lib.
700 137 780 181 ΗΠ,
807 141 862 172 40.
890 141 946 172 41.
1360 136 1445 178 159

97 239 187 289 quia
215 237 384 277 diuersis
411 236 567 276 casibus
595 237 792 288 aliquanta
818 241 1021 275 mutantur
1048 241 1097 288 et,
1124 236 1226 287 quod
1256 236 1444 275 confiten-

99 298 191 336 dum
213 303 284 348 est,
311 296 500 335 caelestes
522 308 661 334 causas
681 295 850 334 humana
872 295 1050 334 condicio
1072 294 1119 333 ad
1145 294 1306 346 plenum
1327 307 1442 333 nosse

94 355 340 408 prohibetur,
360 355 449 393 ideo
470 355 649 393 nauticae
671 354 962 393 obseruationis
983 365 1118 393 curam
1135 354 1325 393 trifariam
1345 354 1443 392 diui—

95 414 204 453 dunt.
252 414 329 453 Aut
356 415 459 452 enim
493 414 597 452 circa
630 413 734 452 diem
767 418 958 452 statutum
991 418 1058 452 aut
1089 418 1177 452 ante
1211 413 1275 451 uel
1307 418 1443 464 postea

93 479 347 524 tempestates
379 473 465 511 fieri
498 478 733 524 conpertum
767 478 837 510 est.
890 472 996 511 Vnde
1036 472 1319 523 praecedentes
1350 487 1442 523 προ-
1463 480 1478 505 5

91 528 303 583 χειμάζειν,
343 536 549 570 nascentes
588 531 649 570 die
683 530 863 569 sollemni
900 527 1114 583 χειμάζειν,
1153 531 1444 583 subsequentes

91 587 379 642 μεταχειμοὶζεῑν
416 590 565 628 Graeco
611 589 802 629 uocabulo
847 596 1138 640 nuncuparunt.
1197 590 1273 629 Sed
1314 592 1444 628 omnia

93 661 325 688 enumerare
366 650 596 687 nominatim
635 655 702 687 aut
744 650 923 700 ineptum
957 649 1140 688 uideatur
1173 655 1239 688 aut
1271 649 1444 701 longum,

92 720 181 747 cum
209 714 391 747 auctores
417 708 577 759 plurimi
604 720 681 746 non
710 707 836 746 solum
858 720 1038 746 mensum
1060 708 1127 746 sed
1150 710 1266 746 etiam
1288 708 1443 747 dierum

91 769 284 806 rationem
305 767 515 818 diligenter
536 768 816 818 expresserint.
850 766 1057 806 Transitus
1079 779 1236 818 quoque
1253 767 1440 819 siderum,
1463 777 1499 801 10

92 838 192 877 quos
224 826 402 878 planetas
435 831 590 877 uocant,
625 839 713 865 cum
747 827 992 877 praescripto
1027 838 1146 865 cursu
1174 826 1244 865 Dei
1278 825 1441 865 arbitrio

91 886 283 923 creatoris
311 886 535 936 suscipiunt
561 886 669 936 signa
697 884 760 923 uel
788 885 990 937 deserunt,
1017 886 1248 936 frequenter
1269 885 1443 924 assolent

91 956 230 982 serena
271 943 441 982 turbare.
499 943 807 982 Interluniorum
847 949 978 983 autem
1017 944 1100 982 dies
1139 944 1442 994 tempestatibus

94 1002 230 1053 plenos
257 1009 295 1041 et
321 1002 600 1053 nauigantibus
628 1015 743 1053 quam
772 1004 937 1041 maxime
960 1003 1194 1042 metuendos
1215 1015 1292 1041 non
1316 1003 1442 1042 solum

89 1063 253 1113 peritiae
268 1063 366 1100 ratio
382 1061 450 1100 sed
470 1063 585 1100 etiam
609 1061 715 1113 uulgi
737 1074 832 1100 usus
854 1061 1057 1113 intellegit.
1090 1062 1185 1101 XLI.
1201 1062 1296 1100 Mul-
1311 1076 1349 1096 De
1367 1077 1547 1103 prognosticis»

93 1122 140 1159 tis
168 1133 324 1172 quoque
353 1121 474 1171 signis
501 1126 540 1159 et
566 1121 612 1160 de
640 1121 853 1172 tranquillo
880 1121 1075 1173 procellae
1098 1127 1136 1160 et
1156 1121 1203 1159 de
1231 1127 1441 1173 tempesta-

113 1247 155 1281 V.
177 1246 216 1281 L.
307 1250 323 1280 1
352 1246 455 1291 quia]
483 1247 582 1289 quod
608 1246 648 1280 E
735 1246 939 1290 aliquando
960 1249 1000 1280 H
1019 1247 1129 1291 uulgyo
1155 1249 1239 1281 ame
1265 1246 1441 1282 Sclzwebe-

88 1294 177 1328 lium
298 1293 413 1338 quod]
459 1293 546 1336 quia
572 1293 612 1327 Ε
729 1297 748 1328 2
787 1293 905 1339 nosse]
945 1293 1034 1328 scire
1072 1297 1089 1328 λ
1214 1297 1234 1327 3
1274 1294 1442 1329 obserua-

86 1340 208 1375 tiones
228 1340 268 1373 E
363 1339 575 1375 diuidemus
596 1343 636 1374 H
729 1345 751 1375 4
777 1340 912 1375 statum
938 1342 1049 1386 uulgyo
1153 1345 1172 1375 5
1199 1341 1279 1375 fieri
1307 1342 1441 1376 lacuna

88 1398 205 1432 comp.
222 1389 261 1421 H
331 1398 395 1432 pre
415 1391 491 1423 tota
511 1389 608 1423 linea
627 1399 744 1423 vacua
765 1388 941 1422 cedentes
955 1390 993 1422 H
1047 1386 1311 1433 προχειμάζειν
1331 1388 1442 1433 Lcmy

87 1434 349 1479 prochimazon
375 1436 414 1468 H
442 1445 690 1480 proeymazon
716 1435 756 1469 E
788 1446 1065 1480 progymnazon
1092 1436 1156 1480 εΡ1
1196 1436 1443 1480 προχείμασιν

89 1483 196 1526 zculqo
247 1484 266 1515 6
287 1479 477 1527 χειμάζειν
498 1483 607 1526 Lany
631 1481 824 1516 chimazon
843 1484 882 1516 H
901 1483 1131 1527 eymazonE
1149 1494 1354 1527 gymnazon
1372 1483 1437 1528 εΡ1

88 1526 322 1573 ἐπιχείμασιν
347 1530 458 1574 uulyo
540 1529 819 1573 subsequentem
846 1532 885 1563 H
972 1534 991 1564 7
1018 1527 1305 1574 μεταχειμάζειν
1332 1530 1443 1575 Lcmy

87 1575 381 1611 metachimazon
402 1577 459 1610 εΡ
481 1578 760 1621 metaoymazon
777 1577 816 1610 E
841 1578 879 1611 et
900 1576 1093 1612 chimazon
1113 1579 1153 1611 H
1176 1578 1443 1622 μεταχείμασιν

87 1625 217 1669 ιιιιῖρος
243 1625 287 1666 cf.
306 1624 406 1658 Ptin.
424 1623 473 1658 N.
490 1623 540 1659 H.
555 1626 614 1667 18,
637 1627 694 1669 57,
720 1625 784 1659 uba·
805 1635 880 1659 non
900 1622 1196 1669 μεταχειμάζειν,
1224 1625 1285 1659 sed
1310 1626 1444 1660 rectius

89 1690 246 1738 ἐπιχειμ.
270 1694 431 1729 traditur
504 1695 780 1740 nuncuparunt]
806 1695 1043 1739 nuncupatur
1062 1695 1102 1728 Ε
1124 1681 1383 1739 nuncuparent
1411 1695 1444 1730 G

208 1746 228 1776 8
256 1742 321 1776 aut
351 1741 522 1786 ineptum
554 1741 728 1777 uideatur
754 1743 819 1777 aut
845 1743 998 1786 longum
1025 1742 1065 1776 E
1096 1753 1127 1778 a.
1154 1743 1176 1776 i.
1204 1742 1353 1777 uidetur
1380 1745 1444 1778 aut

87 1788 240 1834 longum
267 1791 306 1822 H
330 1788 379 1834 [a.
407 1788 429 1822 i.
456 1789 508 1834 u.]
536 1790 601 1824 aut
626 1790 780 1834 longum
806 1789 876 1834 οιΡ1
913 1789 960 1835 [a.
987 1789 1010 1825 i.
1038 1790 1089 1835 u.]
1119 1789 1171 1823 est
1198 1789 1351 1834 longum
1372 1790 1442 1835 λΡ2

88 1836 136 1880 [a.
164 1836 186 1870 i.
214 1836 266 1881 u.]
294 1836 447 1880 longum
475 1836 528 1870 est
553 1837 664 1881 uulgo
739 1840 758 1871 9
785 1837 951 1871 ansum
977 1837 1016 1870 Ε
1040 1836 1230 1871 mensuum
1253 1838 1315 1882 Αμ
1341 1849 1442 1871 men-

90 1882 183 1917 sium
210 1883 323 1917 HGP
346 1883 457 1927 uulyo
576 1887 618 1918 10
645 1883 841 1918 transitum
868 1884 907 1918 Ε
1002 1884 1166 1929 quoque]
1196 1896 1266 1928 que
1295 1885 1351 1919 εΡ

90 1934 130 1964 11
165 1930 224 1964 dei
249 1930 339 1976 ΕΑ2
374 1930 413 1965 di
443 1932 481 1964 H
512 1930 587 1965 diei
618 1931 704 1966 A’P
732 1931 792 1965 die
827 1932 875 1965 M
905 1930 985 1966 dies
1012 1931 1046 1965 L
1078 1932 1221 1966 dierum
1253 1933 1364 1976 uulgyo
1398 1932 1443 1966 de

90 1977 247 2012 Ser-iuer.
291 1977 527 2021 Oudendorp.
635 1982 678 2012 14
704 1978 835 2022 plenas
856 1980 895 2012 H
920 1983 1002 2022 post
1027 1979 1093 2014 hoc
1118 1982 1229 2022 caput
1254 1980 1295 2013 in
1321 1978 1361 2012 E
1383 1990 1442 2013 ea:-

89 2027 246 2069 ceo-ptum
272 2036 316 2059 ex
342 2025 376 2059 ΙΙ
407 2030 426 2060 2
458 2029 489 2060 et
517 2029 536 2059 6
566 2026 728 2070 sequitur
760 2026 861 2067 (uide
882 2026 1021 2070 praef.)
1143 2025 1226 2060 CAP.
1253 2025 1346 2061 XLI.

92 2075 133 2106 16
161 2073 199 2106 et
225 2071 304 2117 [de]
334 2073 383 2106 M

114 2188 148 2223 S.
170 2188 210 2223 L.
264 2193 280 2223 1
310 2189 397 2234 quia
423 2189 597 2236 diuersis]
626 2189 857 2234 quiaduersis
867 2190 916 2225 M
961 2190 1228 2236 confitendum]
1257 2191 1442 2225 confiden-

88 2236 176 2270 dum
203 2235 237 2269 α’
300 2240 319 2270 2
348 2237 512 2272 conditio
540 2237 575 2271 A
638 2242 657 2272 5
686 2239 916 2281 compertum
943 2238 1047 2281 H(P)
1108 2242 1127 2272 6
1155 2236 1214 2271 die
1243 2237 1339 2283 soll.]
1367 2238 1448 2272 dies

89 2282 167 2317 soll.
196 2283 235 2316 Ε
282 2283 449 2318 sollemni
470 2284 631 2319 EHMG
656 2284 851 2329 sollempni
878 2284 940 2329 (ds
954 2285 1001 2328 L)
1022 2288 1040 2319 λ
1067 2284 1221 2319 solemni
1252 2285 1287 2319 P
1310 2284 1440 2320 solem-

88 2329 153 2374 pni
178 2330 213 2364 A
283 2330 558 2377 subsequentes]
588 2332 636 2366 -is
658 2332 692 2366 α’
757 2336 774 2366 7
802 2343 913 2377 greco
940 2333 1047 2367 etiam
1073 2332 1113 2366 Ε
1180 2335 1220 2366 11
1249 2332 1439 2377 planetas]

89 2378 242 2422 planeta
259 2379 294 2411 α’
346 2382 388 2412 12
404 2379 562 2414 assolent
575 2380 613 2413 Ε
626 2379 793 2414 adsolent
809 2379 904 2414 εΠΡ
947 2383 988 2414 15
1003 2379 1097 2414 ratio
1114 2379 1191 2425 sed]
1207 2380 1389 2414 ratiorum
1404 2380 1444 2413 Ε
