1638 2620
682 107 760 143 Lib.
788 107 832 151 11,
858 111 914 144 23.
1418 107 1472 148 57

131 207 335 246 meridiem
361 207 406 245 ad
434 219 549 246 omne
576 219 700 258 genus
733 206 1019 246 exercebantur
1052 218 1263 245 armorum.
1315 206 1477 246 Veteres

130 272 260 305 autem
294 272 333 305 et
365 266 509 304 eruditi
542 267 624 304 sine
664 267 955 305 intermissione
990 265 1110 304 semel
1142 267 1181 303 in
1216 266 1276 304 die
1321 277 1476 304 exerce-

130 324 273 363 bantur
299 325 428 364 armis.
475 323 611 374 Neque
640 326 743 363 enim
775 324 976 375 longitudo
1011 325 1146 363 aetatis
1180 331 1246 363 aut
1278 336 1476 363 annorum

132 395 320 422 numerus
361 388 483 421 artem
517 382 694 421 bellicam
724 383 856 434 tradit,
891 383 976 436 sed,
1008 390 1095 434 post
1125 388 1267 434 quanta
1301 382 1476 422 uolueris

132 441 335 493 stipendia,
362 443 643 480 inexercitatus
671 441 780 480 miles
808 454 963 492 semper
991 448 1050 481 est
1077 444 1164 481 tiro.
1217 442 1477 494 Armaturam,
1498 454 1514 479 5

133 513 230 551 quae
264 501 376 539 sestis
408 499 547 539 diebus
580 500 788 538 exhibetur
819 502 858 538 in
893 502 1017 552 circo,
1059 513 1136 539 non
1169 506 1320 539 tantum
1355 513 1477 539 arma-

131 565 260 612 turae,
300 561 368 610 qui
407 559 479 598 sub
519 559 807 610 campidoctore
843 565 953 610 suut,
993 560 1059 597 sed
1094 572 1230 598 omnes
1264 559 1478 610 aequaliter

133 617 436 657 contubernales
463 618 655 657 cotidiana
682 617 935 656 meditatione
963 617 1176 657 discebant.
1222 618 1318 656 Nam
1346 625 1384 657 et
1411 631 1476 657 ue-

131 677 268 716 locitas
307 689 381 716 usu
423 679 508 728 ipso
548 676 771 727 adquiritur
810 678 988 728 corporis
1029 683 1066 715 et
1104 679 1265 715 scientia
1309 677 1476 716 feriendi

87 753 92 757 -
132 736 285 774 hostem
319 748 440 786 seque
472 735 723 786 protegendi,
756 737 989 786 praesertim
1024 737 1056 773 si
1089 736 1225 786 gladiis
1259 738 1477 774 comminus
1499 750 1534 774 1ο

132 795 360 846 dimicetur,
411 794 506 833 illud
552 806 648 833 uero
688 795 813 833 maius
853 800 932 845 est,
978 794 1081 845 quod
1121 807 1281 833 seruare
1321 795 1480 833 ordines

133 853 291 892 discunt
324 858 363 891 et
395 853 584 892 uexillum
619 865 733 892 suum
760 855 800 891 in
828 855 945 891 tantis
972 853 1300 904 permixtionibus
1327 855 1367 892 in
1396 855 1480 904 ipsa

131 912 357 963 prolusione
380 914 619 950 comitantur
646 924 719 950 nec
746 913 850 950 inter
877 912 1014 950 doctos
1043 912 1182 963 aliquis
1204 924 1316 950 error
1337 914 1480 964 existit,

132 983 220 1009 cum
249 970 511 1010 multitudinis
540 973 589 1010 sit
615 976 720 1009 tanta
748 971 938 1010 confusio.
986 971 1042 1009 Ad
1071 971 1203 1022 palum
1232 984 1388 1022 quoque
1416 971 1481 1010 uel

132 1029 296 1068 sudibus
330 1031 506 1068 exerceri
539 1029 861 1081 percommodum
895 1037 965 1082 est,
999 1042 1088 1069 cum
1116 1029 1235 1068 latera
1265 1031 1327 1069 uel
1358 1031 1479 1081 pedes
1501 1046 1535 1071 15

131 1095 197 1127 aut
239 1094 355 1140 caput
393 1094 529 1140 petere
569 1091 746 1140 punctim
787 1090 1010 1140 caesimque
1051 1088 1292 1128 condiscant.
1351 1089 1480 1128 Saltus

133 1160 288 1198 quoque
323 1154 361 1186 et
394 1149 496 1187 ictus
530 1148 658 1186 facere
691 1149 840 1198 pariter
880 1149 1131 1199 adsuescant,
1171 1150 1378 1199 insurgere
1412 1150 1479 1187 tri-

135 1206 343 1258 pudiantes
376 1208 415 1245 in
450 1207 618 1258 clipeum
647 1219 866 1258 rursusque
896 1207 1111 1258 subsidere,
1145 1220 1249 1246 nunc
1277 1207 1481 1257 gestiendo

159 1320 201 1354 V.
229 1319 268 1355 L.
324 1324 340 1353 1
365 1320 664 1354 exercitabantur
686 1321 724 1353 H
772 1323 791 1354 2
813 1320 849 1354 in
877 1320 976 1355 diem
996 1321 1097 1365 ΑμΡ
1144 1325 1163 1354 3
1186 1320 1223 1354 in
1244 1321 1356 1355 arinis
1372 1322 1482 1366 uulgo

133 1370 216 1401 ante
237 1366 311 1401 Ser.
334 1367 400 1412 [a]
429 1367 505 1402 Ser.
528 1368 639 1401 Schw.
701 1372 721 1401 4
743 1367 764 1402 s.
786 1380 819 1411 p.
845 1380 878 1412 q.
901 1379 935 1401 u.
951 1367 991 1402 st.
1012 1367 1035 1401 i.
1058 1380 1105 1402 m.
1126 1368 1148 1402 s.
1171 1379 1200 1402 e.
1223 1371 1248 1403 t.
1264 1371 1360 1412 (tyro
1384 1368 1433 1412 V)
1454 1368 1488 1402 V

132 1414 191 1448 sed
206 1413 361 1458 postque}
378 1414 432 1448 ita
447 1413 610 1448 uolueris
622 1414 798 1457 (uoluerit
813 1416 879 1459 ΠΖ)
903 1414 941 1449 st.
958 1415 1350 1458 inexercitatus(-osA
1370 1415 1416 1449 -is
1426 1417 1482 1460 H)

131 1473 178 1496 m.
201 1461 223 1496 s.
246 1472 275 1496 e.
296 1464 378 1505 tyro
394 1463 593 1506 (ty{{ro
608 1462 657 1503 A)
679 1461 780 1495 aHP
796 1461 855 1496 sed
878 1462 1053 1497 continua
1073 1461 1352 1497 exercitationis
1367 1462 1483 1496 medi-

132 1508 226 1543 tatio
246 1508 340 1543 ineX.
362 1520 408 1542 m.
432 1508 455 1544 s.
477 1520 506 1543 e⁴
528 1509 610 1553 tyro
632 1508 717 1552 (tiro
732 1508 785 1553 D)
806 1509 881 1543 LD
895 1509 955 1543 sed
972 1509 1148 1544 continua
1167 1508 1489 1552 inexercitationis

132 1555 327 1590 meditatio
349 1556 532 1590 eruditum
554 1554 711 1590 militem
739 1556 862 1590 reddit
889 1557 966 1599 (sed
985 1557 1107 1591 omnia
1133 1557 1217 1591 inde
1243 1558 1287 1591 ab
1309 1556 1422 1591 -ionis
1444 1558 1483 1591 in

132 1603 206 1637 Ioco
228 1607 345 1643 eraso)
364 1603 446 1647 tyro
470 1603 498 1647 Q
561 1607 581 1636 5
609 1605 798 1637 armatura
818 1603 854 1637 P
874 1602 915 1637 Id
936 1603 1032 1638 circo
1054 1605 1281 1638 armaturam
1302 1605 1412 1648 uulgo

133 1653 152 1683 6
180 1661 214 1693 q.
241 1649 343 1684 festis
371 1649 502 1684 diebus
531 1649 670 1695 exhib]
705 1663 727 1685 α
756 1650 803 1694 Ρ2
839 1651 947 1691 (XV.
974 1655 1081 1695 saec.)
1112 1652 1401 1696 suprascriptum
1435 1655 1484 1686 cst

131 1696 234 1741 glosa
261 1697 279 1732 e
307 1699 354 1732 116
380 1696 505 1731 textus
573 1696 693 1742 festis]
722 1696 865 1731 cunctis
888 1700 905 1731 λ
985 1698 1023 1732 in
1051 1698 1165 1743 circo]
1193 1698 1333 1733 idcirco
1360 1698 1417 1732 eP

134 1747 151 1778 7
180 1743 303 1788 campi
324 1744 472 1778 doct-ore
492 1744 593 1789 ΑμΡ
616 1744 738 1789 campi
758 1744 931 1779 doctores
950 1744 982 1779 G
1009 1744 1307 1789 campiductores
1323 1746 1363 1779 Π
1386 1756 1484 1779 cam-

131 1802 218 1835 pum
245 1792 421 1825 ducturae
444 1792 466 1825 ὃ
528 1794 547 1825 8
575 1790 781 1837 discebant]
809 1791 869 1827 sed
891 1794 927 1827 et
954 1792 1118 1837 corporis
1139 1792 1380 1827 uelocitatem
1399 1793 1483 1828 sub-

131 1839 251 1882 iungit
265 1841 282 1872 λ
360 1842 399 1872 11
418 1837 532 1883 quod]
553 1840 594 1872 ut
615 1851 630 1872 ε
694 1838 885 1882 ‘quiddam
906 1840 1016 1884 uulgo
1092 1844 1133 1874 12
1156 1839 1298 1873 discant
1312 1840 1412 1884 pGD

135 1889 177 1919 13
205 1885 429 1920 comitentur
454 1887 472 1918 λ
530 1885 613 1930 nec]
640 1896 686 1919 ne
714 1885 747 1920 G
797 1886 928 1921 ductos
951 1888 972 1920 δ
1030 1887 1160 1931 [error]
1183 1888 1222 1920 H
1275 1886 1406 1921 existat
1430 1886 1484 1920 Gi

229 1959 272 1989 14
299 1967 382 1989 cum
409 1968 435 1989 π
468 1956 565 1999 quoa
592 1958 654 2000 Αμ
686 1967 715 2004 05
737 1934 857 1993 1⁴1}G
923 1957 999 2002 [uei
1020 1957 1237 2002 suffixorum
1255 1956 1481 1991 ueifiiaefa

229 2017 271 2048 15
299 2014 478 2060 exerceri]
500 2014 663 2048 iuniores
685 2006 846 2049 exerceri
871 2015 982 2060 uuiyo
1044 2016 1363 2061 percommodum]
1387 2027 1486 2050 com-

131 2061 282 2096 modum
304 2062 327 2095 ὃ
401 2065 444 2095 16
466 2062 684 2096 condiscunt
705 2063 815 2106 uulyo
884 2066 925 2097 17
954 2062 1172 2097 adsuescunt
1192 2062 1365 2107 (adsuasc.
1388 2063 1438 2107 A>
1459 2076 1482 2097 α

203 2108 470 2153 tripudiantes]
497 2108 730 2153 trepidantes
746 2121 761 2143 ε
834 2113 876 2144 18
905 2109 1074 2154 clypeum
1096 2111 1131 2145 A
1186 2109 1308 2144 rursus
1315 2110 1416 2155 [que]
1447 2112 1485 2144 H

158 2202 190 2236 S.
218 2201 257 2236 L.
333 2201 414 2237 CAP.
440 2202 572 2237 XXIII.
626 2202 878 2249 l-meridiem]
912 2203 1066 2239 meridie
1089 2204 1122 2237 α’
1198 2204 1324 2249 omne]
1352 2215 1424 2239 -em
1449 2206 1486 2238 H

229 2251 248 2282 8
277 2247 482 2284 cottidiana
507 2250 543 2284 A
642 2254 661 2284 9
690 2249 893 2294 acquiritur
917 2253 957 2285 H
1052 2251 1219 2297 scientia]
1248 2250 1394 2285 scienda
1420 2251 1484 2296 Αμ

230 2299 271 2328 12
297 2296 624 2342 permixtionibus]
652 2296 953 2341 promissionibus
974 2300 1013 2332 H
1074 2302 1116 2332 14
1143 2297 1398 2332 multitudinis
1419 2298 1480 2344 stt]

132 2341 364 2377 multitudini
391 2342 435 2377 sit
460 2344 520 2387 μθ
590 2348 632 2378 16
658 2343 772 2379 saltos
793 2345 840 2390 A1
917 2349 959 2380 17
986 2345 1082 2380 ictos
1103 2346 1151 2391 Α1
1219 2345 1423 2381 assuescant
1444 2348 1481 2380 H
