1638 2620
131 108 289 144 XXVIII
705 107 905 143 Praefatio.

134 221 221 246 sum
255 203 363 260 (sum
395 219 466 246 om.
499 202 614 260 cod),
657 207 762 256 quod
795 220 928 245 amore
961 207 1121 256 sophiae
1155 202 1353 261 (sofphiae
1385 203 1482 261 cod.)

133 268 287 305 animus
321 267 373 305 sit
404 269 563 305 uestrae
595 266 738 304 indolis
772 261 936 318 (indolis
968 279 1090 314 supra
1122 268 1262 306 lineam
1287 268 1417 315 script.
1442 269 1485 306 in

132 321 231 378 eod.)
251 326 496 364 nobilissime
517 337 739 363 succensus.
790 326 1047 374 quamobrem
1067 326 1190 364 statui
1209 326 1323 364 uobis
1343 326 1485 365 offerre

132 385 332 423 libellos
363 385 515 422 flauii
547 384 714 435 uegeti
746 398 766 421 r
780 385 911 423 enati
944 384 997 423 de
1029 397 1077 422 re
1109 384 1334 435 militari,
1367 398 1484 434 quos

132 444 381 494 corrigere
403 443 571 481 curaui
593 443 695 481 sine
716 455 877 492 exemp
889 439 1069 496 lario²)‚
1090 445 1310 493 quoniam
1330 457 1484 493 unum,

133 516 190 552 qu
202 503 257 541 od
307 514 616 551 reppereram
664 504 870 552 tantum,
926 502 1051 541 uicio
1090 503 1242 552 script
1255 515 1385 541 orum
1417 503 1487 541 ita

133 564 240 599 erat
284 562 308 598 d
319 573 461 610 eprau
472 563 617 611 atum,
655 564 707 599 ut
743 561 1009 599 literatura
1041 557 1086 612 (l.
1119 562 1282 600 dilutum
1313 563 1355 600 ‘in
1386 557 1485 614 cod.)

131 633 431 669 nequaquam
455 617 468 670 ΙΙ
492 621 557 668 fol.
586 623 623 658 1.
648 633 686 659 u.
717 632 907 658 manere
941 622 1022 658 aut
1054 620 1343 658 intellectus
1375 621 1484 658 inde

132 679 302 717 utilite
312 693 332 716 r
364 679 536 729 colligi
568 693 593 728 p
603 692 623 717 o
634 692 650 717 s
660 679 739 728 sit,
776 681 822 717 ut
846 681 937 728 post
961 679 1169 728 paschales
1195 679 1486 718 uenerabilium

132 738 338 776 doctorum
384 738 504 787 dapes
550 741 589 776 et
633 738 758 776 diuini
801 738 952 776 fluenta
996 738 1141 788 eloquii
1186 751 1255 776 seu
1298 738 1485 777 mellifica

133 792 345 850 (mellefica
377 794 474 848 cod.)
516 799 725 846 poetarum
768 797 944 835 carmina
983 797 1044 835 his
1085 797 1167 835 frui
1208 797 1353 836 libellis
1397 810 1485 836 con-

131 856 402 895 descendendo
435 856 698 894 delectatione
736 856 913 895 exercitii
951 869 1030 894 non
1067 856 1212 906 pigeat.
1269 869 1348 895 non
1379 857 1483 894 enim

131 916 276 965 aquila,
309 928 409 965 quae
442 915 584 953 ceteris
619 910 778 967 (ceteris
810 911 909 968 cod.)
949 916 1091 954 auibus
1125 916 1243 954 altius
1276 916 1412 954 uolare
1446 918 1486 954 et

820 976 839 1001 g

130 1010 251 1048 radiis
285 1010 379 1048 solis
412 1009 582 1048 intuitus
614 1010 736 1059 figere
770 1005 882 1062 (fiere
917 1004 1014 1063 cod.)
1058 1010 1281 1060 consueuit,
1327 1022 1482 1058 semper

129 1069 170 1106 in
202 1070 310 1107 caelo
341 1069 539 1107 haerendo
573 1064 674 1120 (her.
702 1067 798 1120 cod.)
826 1071 961 1107 manet
987 1070 1056 1107 sed
1082 1069 1162 1107 ima
1187 1082 1256 1118 pro
1285 1081 1357 1106 sua
1382 1081 1484 1106 com-

129 1128 322 1166 moditate
354 1128 466 1177 petit.
516 1128 630 1165 miles
663 1128 784 1165 etiam
816 1128 998 1176 quamuis
1036 1127 1362 1166 bellicosissimus
1394 1130 1485 1176 post

129 1187 330 1225 inmensos
364 1187 425 1225 sui
456 1187 604 1224 laboris
638 1187 860 1235 triumphos
894 1189 935 1225 et
965 1187 1155 1225 uictoriae
1193 1187 1368 1236 palmam
1399 1187 1482 1224 lau-

129 1258 296 1295 reasque
323 1259 486 1284 coronas
514 1246 635 1284 armis
661 1246 851 1294 depositis
871 1248 1023 1284 tessera
1049 1246 1259 1295 aliquoties
1286 1245 1389 1283 ludit
1415 1247 1485 1283 aut

129 1306 272 1344 ceteris
292 1305 569 1343 infantialibus
590 1305 699 1344 iocis.
731 1305 863 1355 Igitur
881 1307 972 1354 post
992 1305 1115 1343 libros
1136 1306 1185 1343 ab
1205 1305 1321 1342 inicio
1347 1304 1484 1342 mundi

127 1376 254 1413 usque
287 1365 336 1402 ad
368 1377 492 1413 regna
522 1364 749 1402 francorum
783 1360 938 1415 (fracou
958 1360 1058 1415 cod.)
1089 1365 1130 1401 in
1164 1363 1306 1402 Galliis
1338 1376 1361 1401 a
1392 1375 1483 1412 par-

129 1424 256 1461 uitate
282 1436 371 1461 mea
398 1425 606 1472 congestos
629 1419 905 1475 (congest50s
927 1418 1026 1476 cod.)
1048 1436 1095 1460 ex
1115 1423 1482 1473 hagiographorum

128 1477 502 1534 (agiografphorum
536 1479 633 1533 cod.)
674 1482 757 1519 siue
790 1482 1003 1531 gentilium
1035 1482 1229 1531 historiis,
1268 1482 1309 1519 in
1340 1481 1482 1530 quibus

128 1542 383 1579 eontinentur
421 1554 599 1591 quaeque
642 1535 815 1593 (queque
848 1536 946 1593 cod.)
985 1541 1172 1579 uidentur
1203 1541 1269 1578 1161
1300 1541 1483 1589 frequen-

127 1602 267 1639 tantur
299 1601 420 1650 digna
450 1601 492 1638 in
524 1600 692 1650 singulis
717 1600 900 1649 partibus
928 1600 1033 1638 orbis
1060 1601 1124 1638 uel
1150 1600 1191 1637 111
1217 1599 1484 1638 eminentiori-

128 1659 202 1697 bus
236 1660 369 1710 regnis
401 1660 604 1707 memoria,
637 1672 707 1697 seu
733 1672 810 1708 quo
842 1659 959 1698 modo
991 1660 1106 1697 initia
1133 1658 1322 1697 sumendo
1348 1659 1481 1697 incho-

127 1720 315 1769 auerunt,
353 1720 414 1757 hic
452 1720 589 1757 desinit
619 1719 760 1757 Noster
790 1731 907 1757 uersu
946 1722 1126 1762 extremo,
1165 1720 1302 1756 uacuis
1333 1719 1484 1756 duabus

128 1779 294 1816 eiusdem
319 1781 490 1826 paffl'mcc
523 1780 632 1816 lineis
668 1779 828 1821 relictis,
874 1780 1002 1821 ceteri,
1042 1780 1107 1826 qui
1144 1778 1242 1815 hamc
1280 1777 1482 1825 epistulam

125 1837 280 1881 habent,
311 1840 500 1885 peryunt:
549 1838 615 1875 uel
652 1840 730 1886 qu‘a
768 1837 917 1875 desidia
956 1838 1021 1874 uel
1052 1836 1204 1875 incuria
1236 1836 1483 1885 singularum

128 1908 251 1946 regna
283 1896 463 1947 gentium
495 1890 785 1948 defecerunt2),
831 1896 894 1934 cui
932 1896 1041 1945 operi
1080 1896 1112 1934 si
1153 1895 1263 1944 regia
1294 1894 1481 1933 maiestas

125 1955 324 2004 adriserit,
350 1955 505 1993 utiliter
529 1955 817 1993 subnectendos
832 1956 903 1993 hos
919 1968 1057 1993 censeo
1071 1955 1156 1993 fore
1170 1956 1309 2002 tomos,
1336 1954 1480 2003 quibus

125 2013 315 2063 inspectis
337 2027 425 2052 cum
445 2014 718 2064 superioribus
733 2014 857 2061 libris,
880 2015 912 2052 si
939 2014 1074 2052 diuina
1092 2013 1318 2063 permiserit
1337 2013 1481 2063 gratia,

129 2073 329 2123 principes
361 2086 433 2113 sua
464 2086 702 2122 suorumque
734 2074 982 2112 incommoda
1012 2085 1251 2123 praecauere
1282 2073 1481 2121 poterunt.

242 2133 400 2181 Ineptos
438 2144 588 2171 errores
627 2136 660 2171 et
696 2134 905 2180 manifesta
946 2134 1085 2171 menda
1127 2144 1195 2170 ozee
1238 2143 1315 2169 non
1359 2131 1481 2169 ortho-

222 2259 255 2301 1)
285 2256 339 2299 Of.
367 2258 487 2292 eadem
512 2257 624 2292 uerba
648 2257 927 2302 subscriptionis
952 2256 1220 2300 Eutropiamze.

220 2305 255 2348 2)
290 2304 407 2339 Verba
437 2305 477 2338 in
511 2304 644 2349 quibus
677 2304 913 2339 continentur
956 2323 999 2328 —
1040 2303 1256 2338 defecerunt
1292 2312 1367 2337 ‘non
1403 2303 1478 2338 edi-

124 2348 179 2385 dit
193 2350 541 2396 Endlicher;uerba
555 2352 615 2388 1161
637 2363 710 2396 qua
730 2352 805 2387 des.
833 2372 877 2377 —
905 2350 1120 2386 defecerunt
1145 2361 1210 2386 om.
1241 2349 1479 2386 Treuirensis.
