1638 2620
713 116 791 151 Lib.
819 116 863 159 Π,
891 119 946 151 25.
1447 114 1499 155 61

157 216 307 267 ligones
339 215 446 267 palas
479 221 588 253 rutra
621 215 753 254 alueos
787 215 952 266 cofinos,
990 213 1134 265 quibus
1173 218 1278 252 terra
1312 219 1502 264 portetur.

156 275 282 314 Habet
313 286 469 326 quoque
497 273 676 312 dolabras
703 286 862 312 secures
889 274 1012 312 ascias
1040 284 1181 324 serraS‚
1213 272 1357 323 quibus
1385 279 1502 311 mate-

157 336 234 373 ries
267 346 310 372 ac
343 333 419 384 pali
452 332 684 371 dedolantur
717 338 833 383 atque
867 337 1084 371 serrantur.
1142 330 1267 370 Habet
1300 338 1502 383 praeterea

156 393 324 431 artifices
364 403 454 430 eum
493 391 675 430 omnibus
714 391 980 443 ferramentis,
1025 392 1092 441 qui
1136 390 1182 428 ad
1222 390 1502 441 obpugnandas

156 451 330 490 hostium
369 451 549 489 ciuitates
588 449 807 488 testudines
849 449 1046 488 musculos
1086 451 1228 488 arietes
1263 451 1417 502 uineas,
1460 455 1537 488 ut5

157 510 362 561 appellant,
390 515 521 548 turres
548 510 663 547 etiam
685 508 961 546 ambulatorias
983 509 1140 547 faciunt.
1190 508 1332 547 Verum
1354 521 1402 547 ne
1424 510 1501 546 sin-

156 569 245 620 gula
278 569 543 607 enumerando
577 567 689 618 plura
721 567 919 619 dicantur,
960 569 1163 619 uniuersa,
1203 580 1302 618 quae
1335 569 1375 606 in
1408 580 1502 618 quo·
1541 583 1543 585 ¹

156 639 324 678 cumque
351 627 442 666 belli
469 639 612 677 genere
639 627 861 664 necessaria
881 638 967 664 esse
990 625 1219 676 creduntur,
1246 638 1379 665 secum
1401 626 1501 678 legio

157 686 273 725 debet
310 686 455 737 ubique
496 692 671 738 portare,
711 690 770 735 ut,
809 686 847 723 in
888 686 1028 735 quouis
1068 684 1153 723 loco
1193 685 1323 724 fixerit
1361 691 1500 737 castra,

158 750 344 784 armatam
377 745 491 783 faciat
523 745 735 783 ciuitatem.
1522 755 1556 779 10

178 870 220 905 V.
249 871 287 905 L.
388 874 405 903 1
432 870 548 914 rutra]
577 869 692 904 rastra
719 869 780 903 Gn
883 870 1054 914 portatur
1080 871 1117 902 H
1222 873 1242 903 2
1270 869 1403 915 ferras]
1432 869 1501 904 fer-

155 918 237 952 reas
259 919 298 951 Π
404 916 579 951 materies
600 916 636 950 π’
664 915 822 951 materia
848 928 864 950 ε
899 916 1075 951 materias
1098 916 1133 950 P
1242 920 1264 949 4
1291 927 1501 961 expugnau-

155 964 222 999 das
243 965 304 998 δΡ
367 968 386 999 5
412 963 560 1009 uineas]
587 962 718 998 uineas
738 964 878 999 faciunt
901 963 1057 1008 (fatiunt
1077 963 1125 1006 V)
1155 964 1215 997 §P
1278 968 1297 998 6
1325 963 1465 998 faciant
1486 976 1501 997 ε

226 1011 369 1056 singula
397 1011 532 1056 enum]
559 1024 583 1044 α
609 1010 752 1058 singule
777 1010 1007 1045 numerando
1035 1012 1074 1044 H
1103 1010 1248 1056 singula
1273 1010 1501 1045 numerando

156 1059 211 1104 &Q
237 1058 372 1104 singuli
405 1058 652 1093 enumerando
678 1057 713 1092 L
779 1062 798 1093 7
825 1059 863 1092 in
889 1069 1036 1102 quoque
1062 1059 1172 1103 uulqo
1241 1062 1260 1092 9
1288 1058 1345 1103 ut]
1374 1058 1412 1092 ct
1439 1058 1497 1103 Ml

250 1105 399 1140 fixerint
425 1107 464 1139 Π
559 1109 601 1140 10
628 1108 773 1140 armata
798 1106 834 1140 A

250 1176 303 1210 ΕΙ.
337 1176 473 1221 (Flauii
504 1177 550 1219 L)
583 1175 721 1220 Vegati
755 1177 903 1221 (Vegeti
936 1177 1030 1222 M22)
1062 1177 1198 1211 Renati
1226 1175 1304 1210 Viri
1340 1175 1508 1210 Inlustris

155 1246 210 1281 De
235 1246 288 1281 Re
316 1246 470 1281 Militari
496 1240 564 1281 Lffi
592 1247 623 1280 Il
650 1246 758 1290 Expt.
788 1247 924 1291 Incipit
951 1247 1027 1292 ([I.]
1057 1247 1117 1292 A’)
1148 1240 1217 1281 Liss
1244 1246 1296 1281 111
1328 1246 1503 1281 Feliciter

155 1293 341 1338 Incipiunt
368 1294 541 1338 Capitula
567 1294 668 1328 Libri
688 1294 812 1329 ‚Tertii
839 1294 904 1338 (III
929 1297 962 1338 λ)
989 1307 1004 1328 ε
1043 1294 1206 1338 Explicit
1232 1293 1342 1329 Liber
1370 1294 1503 1328 Secun-

155 1340 224 1374 dus
246 1340 381 1385 Incipit]
406 1341 517 1376 Liber
543 1341 696 1376 Tertius.
724 1340 841 1375 Tituli
868 1341 971 1376 Libri
996 1340 1114 1375 Tertii
1142 1342 1180 1375 Π
1209 1342 1307 1386 Expt
1333 1340 1443 1376 Liber
1472 1343 1500 1376 [l

155 1388 229 1424 Ine.
257 1391 336 1433 cap.
364 1391 389 1424 t.
416 1388 466 1422 III
494 1389 585 1433 (sine
610 1389 712 1433 sigalis
746 1388 793 1432 V)
841 1389 862 1422 ὃ
883 1388 1069 1433 Incipiunt
1094 1400 1174 1433 cap.
1203 1388 1305 1423 Libri
1332 1388 1449 1423 Tertii
1472 1389 1505 1423 P

180 1505 212 1541 S.
239 1505 276 1541 L.
350 1511 365 1540 1
394 1506 521 1541 atheos
543 1505 576 1540 α’
652 1510 673 1540 4
700 1506 970 1551 oppugnandas
994 1508 1032 1539 Π
1102 1510 1121 1540 5
1150 1506 1304 1551 arietes]
1333 1506 1446 1541 ariter
1468 1508 1502 1540 α’

251 1558 270 1588 6
297 1553 488 1598 appellant
515 1553 650 1598 turres]
680 1553 919 1598 appellantur
945 1553 1004 1587 res
1027 1567 1042 1588 ε
1125 1558 1144 1588 8
1172 1553 1395 1588 neccessaria
1422 1554 1457 1588 A

160 1604 201 1635 10
228 1601 424 1646 armatam]
452 1603 595 1635 armata
622 1601 669 1646 Al
