1638 2620
96 757 128 780 10

94 1051 126 1076 15

158 115 212 156 74
710 114 790 149 Lib.
816 114 876 157 iu,
905 118 936 150 5.

153 215 283 253 nentis
321 214 435 253 ssatus
476 215 618 253 emittit
657 213 845 252 auditum.
903 213 998 251 Nam
1035 213 1264 252 indubitatis
1297 225 1367 264 per
1402 213 1496 252 haec

152 274 259 311 sonis
286 274 463 324 agnoscit
490 274 700 324 exercitus,
726 277 860 311 utrum
888 277 990 310 stare
1018 272 1081 310 uel
1107 271 1292 323 progredi
1317 284 1364 310 an
1386 277 1494 310 certe

151 332 308 382 regredi
346 331 559 383 oporteat[‚
595 337 727 370 utrum
759 330 872 381 longe
907 332 1092 381 persequi
1124 331 1318 382 fugientes
1352 343 1401 369 an
1435 343 1491 368 re-

151 392 283 441 ceptui
316 389 488 440 canere]
540 390 645 428 Muta
679 391 788 440 signa
821 396 913 428 sunt
945 389 1095 440 aquilae
1129 390 1320 428 dracones
1354 389 1496 428 uexilla

149 448 367 487 flammulae
390 449 494 487 tusae
523 450 683 500 pinnae;
723 460 971 499 quocumque
1000 450 1103 487 enim
1130 448 1225 487 haec
1253 449 1347 486 ferri
1374 450 1496 487 iusse-

148 509 201 546 rit
233 507 386 559 ductor,
419 520 464 545 eo
493 520 654 546 necesse
683 514 742 546 est
768 508 923 558 signum
949 519 1065 546 suum
1092 509 1325 546 comitantes
1354 507 1495 545 milites

148 572 324 617 pergant.
377 565 478 604 Sunt
506 570 544 604 et
570 565 643 604 alia
670 571 776 605 muta
804 568 924 618 signa,
957 577 1055 616 quae
1083 566 1163 604 dux
1195 565 1285 604 belli
1318 567 1356 604 in
1385 567 1496 616 equis

149 631 215 663 aut
246 626 287 662 in
321 625 561 663 indumentis
595 630 634 664 et
666 627 705 663 in
738 626 834 676 ipsis
868 626 998 676 armis,
1031 630 1075 663 ut
1101 625 1328 663 dinoscatur
1359 624 1495 672 hostis,

148 685 341 735 praecipit
361 684 570 735 custodiri3
603 689 805 734 praeterea
827 696 944 722 manu
965 683 1110 734 aliquid
1133 683 1195 722 uel
1215 683 1366 734 flagello
1388 695 1496 721 more

148 742 352 781 barbarico
376 743 436 781 uel
458 747 565 781 certe
588 749 702 794 mota,
731 755 805 793 qua
827 744 963 794 utitur,
990 748 1101 781 ueste
1133 743 1335 793 significat.
1388 741 1494 787 Quae

148 803 278 840 omnia
298 803 337 840 in
367 801 526 840 sedibus
553 801 774 853 itineribus,
801 804 840 839 in
868 802 973 839 omni
1002 803 1282 840 exercitatione
1304 802 1496 840 castrensi

149 861 328 899 uniuersi
361 860 504 899 milites
532 866 570 899 et
597 862 709 912 sequi
742 866 780 899 et
812 860 1040 910 intellegere
1075 866 1348 899 consuescant.
1398 859 1495 898 Con-

147 920 284 958 tinuus
323 921 430 958 enim
469 932 565 958 usus
606 921 853 959 necessarius
894 919 1052 958 uidetur
1090 921 1129 957 in
1168 931 1263 970 pace
1302 921 1387 957 eius
1425 920 1497 969 rei,

148 991 246 1029 quae
280 980 319 1016 in
352 978 491 1029 proelii
524 979 754 1017 confusione
790 978 983 1017 seruanda
1016 980 1076 1017 sit.
1132 977 1229 1017 Item
1272 984 1424 1017 mutum
1458 985 1496 1016 et

148 1050 355 1076 commune
377 1039 533 1087 signum
561 1042 632 1089 est,
660 1039 842 1088 quotiens
870 1037 1144 1088 proficiscente
1166 1036 1279 1075 turba
1301 1038 1493 1075 excitatus

146 1096 277 1147 puluis
310 1096 357 1134 ad
391 1096 688 1135 similitudinem
722 1096 887 1135 nubium
921 1098 1047 1147 surgit
1080 1096 1331 1146 hostiumque
1363 1095 1495 1146 prodit

146 1155 381 1207 aduentum3
427 1155 607 1194 similiter
647 1157 679 1194 si
718 1155 868 1194 diuisae
909 1156 987 1193 siut
1026 1156 1178 1206 copiae,
1223 1167 1294 1205 per
1338 1159 1493 1193 noctem

145 1213 323 1266 flammis,
356 1226 427 1264 per
459 1214 563 1252 diem
595 1214 701 1252 fumo
736 1214 956 1265 significant
989 1215 1106 1252 sociis
1139 1213 1244 1264 quod
1277 1213 1389 1252 aliter
1417 1225 1495 1251 nou

145 1278 275 1324 potest
301 1274 487 1311 nuntiari.
540 1273 739 1324 Aliquanti
765 1275 804 1311 in
838 1272 1089 1312 castellorum
1123 1278 1189 1311 aut
1221 1272 1380 1311 urbium
1413 1277 1494 1311 tur-

167 1375 210 1409 V.
237 1374 278 1410 L.
340 1374 464 1409 nentis
493 1374 602 1408 flatus
629 1386 698 1409 em.
725 1374 893 1409 auditum
923 1374 957 1408 G
986 1376 1194 1419 temperato
1222 1375 1300 1409 arte
1327 1373 1497 1418 spiritum

144 1432 254 1465 quem
281 1422 448 1456 canentis
471 1421 532 1465 (-is
553 1433 596 1456 εκ
622 1422 678 1456 -es
700 1433 788 1456 corr.
809 1422 861 1464 P)
888 1421 996 1456 flatus
1020 1433 1088 1456 em.
1117 1422 1286 1455 auditum
1307 1422 1382 1456 a'P
1402 1424 1495 1455 tem-

143 1471 273 1514 perato
301 1470 380 1503 arte
408 1468 652 1513 spiritumque
672 1471 720 1512 (q.
736 1469 770 1503 L
792 1480 885 1513 quae
904 1470 948 1514 (l)
970 1468 1140 1503 canentis
1160 1468 1271 1503 flatus
1293 1480 1361 1503 em.
1389 1468 1495 1503 audi-

143 1518 222 1550 tum
241 1519 260 1550 λ
285 1517 494 1561 temperato
521 1519 599 1550 arte
627 1515 869 1560 spiritumque
896 1515 1063 1550 canentis
1084 1516 1196 1551 flatus
1211 1515 1352 1550 emittit
1373 1515 1437 1561 [a]
1459 1517 1498 1549 Π

143 1564 350 1608 temperato
383 1565 462 1598 arte
495 1563 625 1608 spiritu
658 1574 767 1606 quem
801 1575 829 1597 e.
860 1562 971 1597 flatus
993 1563 1133 1597 emittit
1158 1562 1309 1597 auditur
1336 1565 1358 1596 ὃ
1383 1564 1493 1607 uulgo

142 1612 392 1655 temperamm
425 1611 504 1645 arte
542 1610 744 1654 spirituque
778 1610 947 1645 canentis
976 1610 1119 1656 [flatus]
1148 1610 1288 1644 emittit
1324 1610 1494 1645 auditum

147 1657 283 1693 Gemoll
317 1658 566 1702 temperatum
599 1659 677 1692 arte
708 1657 910 1702 spirituque
938 1669 966 1691 c.
994 1658 1106 1691 flatus
1129 1659 1200 1702 (uel
1225 1658 1328 1702 flatu)
1357 1656 1496 1692 emittit

141 1705 305 1739 ruditum
335 1705 495 1740 Oudend.
572 1708 591 1738 2
622 1705 685 1750 [an
711 1706 828 1750 certe]
857 1706 895 1738 H
917 1707 983 1739 aut
1008 1706 1107 1739 certe
1135 1706 1158 1738 ὃ
1234 1708 1254 1739 3
1282 1705 1421 1750 [utrum
1449 1724 1492 1729 —

144 1753 291 1798 canere]
313 1753 421 1796 Lam]
471 1756 490 1786 5
513 1752 684 1786 flamulae
701 1752 760 1786 λΡ
812 1752 925 1786 tubae
947 1752 1052 1796 μΒΡ
1105 1756 1124 1787 6
1146 1752 1206 1796 eo]
1234 1753 1271 1786 et
1297 1753 1349 1796 (et
1371 1752 1414 1796 Q)
1442 1752 1498 1785 εΡ

215 1804 233 1833 7
266 1800 385 1834 multa
413 1801 473 1833 εΠ
567 1803 587 1834 8
619 1798 658 1833 in
690 1799 918 1833 indumentis
940 1812 963 1832 α
1000 1798 1303 1845 [in]indumentis
1322 1799 1404 1834 λδΡ
1436 1798 1492 1844 [i.]

144 1847 358 1881 iniumentis
385 1848 425 1880 Π
496 1845 566 1892 [in]
595 1849 633 1880 Π
705 1850 724 1880 9
752 1846 933 1880 custodire
959 1847 1017 1881 λΡ
1087 1845 1377 1891 manuali[quid]
1404 1849 1421 1879 λ

145 1898 188 1928 10
215 1896 314 1929 certe
335 1895 437 1928 mota
457 1894 517 1938 μθ
543 1894 645 1928 certa
670 1895 774 1928 mota
794 1894 829 1927 A
855 1895 954 1928 certe
979 1897 1068 1928 nota
1089 1896 1127 1928 H
1151 1894 1250 1928 certe
1276 1894 1420 1927 mutata
1438 1893 1498 1927 δΡ

216 1946 257 1975 11
286 1942 323 1975 in
348 1941 509 1975 itinerib.
537 1942 647 1985 uulyo
720 1939 760 1974 in
787 1940 903 1986 omni]
932 1943 968 1975 et
993 1941 1031 1975 in
1059 1952 1089 1976 o.
1116 1944 1134 1975 λ
1213 1939 1429 1975 exercitatio
1458 1941 1496 1973 Π

216 1993 259 2022 14
286 1999 381 2032 quae
408 2008 452 2013 -
480 1988 660 2022 seruanda
685 1991 730 2022 πλ
763 1987 828 2031 qui
855 2009 898 2012 —-
926 1987 1104 2022 seruanda
1129 1989 1164 2022 α’
1191 1987 1254 2032 qui
1281 2009 1316 2012 —-
1350 1987 1494 2021 seruan-

142 2036 211 2070 dus
227 2036 260 2070 G
324 2040 366 2069 15
393 2035 592 2080 excitatus]
621 2034 844 2070 exercitatus
858 2034 915 2069 λπ’
981 2039 1023 2069 17
1050 2034 1187 2070 diuisae
1214 2034 1285 2069 sint
1304 2047 1331 2069 π
1356 2034 1493 2069 diuisae

141 2083 179 2117 in
206 2083 241 2117 A
268 2082 385 2117 diuisa
409 2082 445 2117 ei
470 2082 508 2116 in
535 2083 583 2116 M
605 2081 743 2116 diuisae
769 2083 825 2117 λθ

166 2164 200 2200 S.
229 2166 267 2199 L.
345 2170 363 2199 3
391 2164 557 2209 receptui
583 2164 632 2198 M
724 2168 745 2198 4
771 2165 902 2200 uixilla
927 2164 974 2210 Al
1079 2169 1098 2199 6
1125 2164 1365 2210 comitantes]
1396 2176 1492 2199 com-

140 2211 319 2247 mitantes
343 2211 636 2254 <commutantes
659 2213 725 2255 M)
754 2225 768 2247 ε
851 2215 871 2247 8
899 2211 1110 2246 dinuscatm·
1136 2225 1160 2246 oc
1243 2218 1262 2246 9
1289 2212 1490 2258 praecipit]

141 2260 333 2305 praecepit
358 2259 393 2294 A
471 2263 510 2293 11
539 2258 728 2304 castrensi]
758 2258 928 2294 castrinse
955 2259 1003 2304 Al
1093 2263 1135 2293 12
1164 2260 1380 2305 continuus]
1409 2271 1492 2294 con-

141 2306 267 2340 tinuos
287 2306 350 2350 Αμ
463 2311 505 2340 13
532 2305 632 2352 usus]
661 2306 744 2340 usos
766 2306 816 2341 M
917 2306 1158 2352 necessarius]
1185 2306 1409 2342 necessarios
1429 2306 1491 2351 Αμ

216 2357 259 2387 14
286 2354 447 2399 mutum]
476 2355 617 2388 mutam
645 2354 694 2388 M
747 2357 788 2388 18
816 2353 940 2399 sociis]
968 2353 1087 2389 socius
1108 2356 1148 2388 H
1197 2358 1238 2389 19
1266 2355 1345 2399 aut]
1371 2356 1411 2390 at
1436 2356 1485 2400 Πι
