1638 2620
158 123 215 164 70
720 123 798 158 Lib.
826 121 887 165 ΙΙΙ,
915 126 946 157 3.

156 222 455 274 possessoribus
483 222 549 261 sed
572 223 688 261 etiam
710 223 855 260 coactis
881 233 953 272 per
980 221 1125 260 electos
1152 227 1430 273 prosecutores
1458 223 1505 262 ad

157 281 315 320 castella
336 282 475 320 idonea
496 287 535 320 et
556 286 794 319 armatorum
818 281 969 319 firmata
988 280 1196 331 praesidiis
1218 281 1281 319 uel
1296 281 1342 320 ad
1358 283 1505 321 tutissi-

156 353 238 378 mas
266 340 551 379 conferendum
578 345 638 378 est
665 340 845 378 ciuitates
872 339 1145 391 urguendique
1167 340 1442 392 prouinciales‚
1466 347 1507 380 ut

157 405 245 438 ante
279 401 547 450 inruptionem
581 411 701 450 seque
736 404 774 437 et
806 410 876 437 sua
908 397 1112 437 moenibus
1145 399 1323 438 condant.
1384 399 1506 451 Repa—

119 468 134 493 3
157 460 255 497 ratio
277 459 394 496 etiam
411 470 616 496 murorum
636 463 1004 508 tormentorumque
1026 459 1202 497 omnium
1222 463 1311 496 ante
1333 458 1503 497 curanda

104 764 136 788 10

101 1059 133 1084 15

157 522 226 556 est.
289 516 386 555 Nam
425 518 458 555 si
497 516 619 555 semel
657 516 789 555 hostes
822 518 1102 568 praeuenerint
1135 522 1366 569 occupatos,
1399 523 1507 556 metu

156 577 343 615 uniuersa
376 575 607 629 turbantur,
640 581 677 614 et
711 587 808 627 quae
842 588 889 614 ex
915 575 1000 614 aliis
1027 575 1193 614 urbibus
1222 576 1387 626 petenda
1415 583 1507 615 sunt

155 634 382 673 interclusis
421 634 629 673 itineribus
669 634 922 685 denegantur.
991 634 1067 673 Sed
1108 634 1232 673 fidelis
1271 634 1506 674 horreorum

156 693 333 732 custodia
361 698 399 732 et
426 695 598 745 erogatio
626 693 825 733 moderata
852 694 1060 732 consueuit
1088 693 1270 732 sufficere
1291 706 1362 745 pro
1384 695 1507 746 copia,

156 754 322 791 maxime
357 754 389 790 si
421 752 468 791 ab
502 754 612 791 initio
644 758 893 804 procuretur.
945 752 1130 791 Ceterum
1157 764 1242 790 sera
1270 754 1507 803 parsimonia

156 817 216 850 est
243 817 335 850 tunc
364 823 537 864 seruare,
564 824 655 850 cum
682 811 822 850 deficit.
868 811 911 850 In
939 811 1256 862 expeditionibus
1284 811 1416 850 arduis
1437 824 1508 863 per

155 872 282 922 capita
309 872 430 922 magis
457 871 624 910 militum
652 883 768 922 quam
794 883 864 922 per
891 870 1100 921 dignitates
1128 869 1174 908 ab
1203 872 1375 921 antiquis
1395 883 1505 922 prae-

155 929 351 969 bebantur
378 942 573 982 annonae,
600 932 652 969 ita
681 936 722 969 ut
748 935 837 980 post
863 930 1140 969 necessitatem
1167 929 1316 968 eisdem
1342 941 1361 967 a
1391 942 1505 981 repu-

155 988 255 1027 blica
277 988 548 1028 redderentur.
605 989 739 1028 Hieme
767 989 964 1040 lignorum
991 994 1030 1027 et
1055 988 1200 1040 pabuli,
1222 993 1368 1027 aestate
1391 1001 1504 1040 aqua-

153 1060 241 1086 rum
270 1048 429 1087 uitanda
457 1054 516 1087 est
542 1048 761 1087 difficultas.
800 1047 1006 1087 Frumenti
1034 1060 1129 1086 uero
1160 1052 1198 1086 et
1218 1049 1319 1086 aceti
1339 1047 1402 1086 uel
1424 1049 1506 1087 uini

154 1119 226 1146 nec
253 1120 331 1145 non
358 1109 475 1146 etiam
503 1108 592 1146 salis
620 1109 726 1146 omni
751 1114 927 1158 tempore
950 1108 1164 1145 necessitas
1186 1106 1427 1159 declinanda,
1454 1108 1506 1146 ita

153 1172 197 1204 ut
225 1166 343 1205 urbes
371 1172 487 1217 atque
515 1167 672 1205 castella
692 1166 738 1205 ab
759 1166 820 1204 his
847 1165 1055 1217 militibus,
1084 1167 1152 1216 qui
1178 1167 1309 1204 minus
1334 1168 1507 1217 prompti

152 1226 413 1264 inueniuntur
441 1227 480 1264 in
507 1227 600 1277 acie,
629 1227 747 1264 armis
776 1226 926 1276 sagittis
948 1224 1154 1276 sustibalis,
1175 1224 1307 1264 fundis
1330 1226 1445 1264 etiam
1467 1232 1505 1264 et

154 1285 256 1322 saxis
277 1286 433 1335 onagris
455 1284 699 1336 ballistisque
721 1284 994 1323 defendantur.
1025 1283 1322 1335 Praecipueque
1344 1286 1504 1336 uitetur,

102 1358 115 1379 κ
154 1355 202 1381 ne
231 1343 551 1382 aduersariorum
577 1344 664 1382 dolo
693 1349 808 1394 atque
837 1344 1020 1394 periuriis
1043 1343 1262 1393 decipiatur
1284 1345 1504 1394 prouincia-

154 1402 250 1440 lium
276 1404 431 1441 incauta
460 1403 700 1453 simplicitas.
752 1402 1016 1453 Frequentius
1045 1403 1147 1440 enim
1176 1403 1505 1453 commerciorum

151 1463 339 1512 pacisque
379 1461 576 1500 simulatio
616 1461 787 1500 credulis
827 1473 942 1512 «piam
982 1473 1086 1499 arma
1120 1467 1353 1500 nocuerunt.
1423 1461 1505 1507 Qua

176 1587 220 1621 V.
236 1587 273 1620 L.
328 1592 345 1620 1
362 1586 688 1631 possessionibusA
703 1586 1006 1632 possessionii'bus
1016 1587 1064 1621 M
1108 1586 1405 1632 prosecutorem
1425 1599 1504 1632 per-

152 1633 336 1668 secutores
347 1635 381 1667 αἼ
402 1634 681 1678 perscrutoresk
704 1634 918 1669 executores
933 1646 959 1668 π
1021 1639 1040 1668 3
1057 1634 1212 1678 urgendi
1226 1647 1252 1669 π
1316 1638 1335 1668 6
1351 1634 1466 1669 hostis
1481 1648 1505 1679 μ

223 1682 459 1725 praeuenerit
478 1695 502 1726 μ
571 1682 763 1726 occupatis
778 1683 845 1726 μΠ
903 1686 923 1716 8
950 1680 1071 1716 fidelis
1092 1681 1309 1717 horreorum
1331 1680 1504 1717 omacius

151 1730 253 1770 (teste
269 1728 363 1769 Ser.)
380 1728 482 1763 fideli
502 1728 578 1763 sors
594 1740 721 1763 eorum
738 1729 784 1763 A'
807 1728 927 1763 fidelis
943 1728 1019 1763 sors
1036 1739 1161 1763 eorum
1182 1742 1206 1773 μ
1227 1728 1401 1763 fidelibus
1422 1730 1506 1763 hor-

152 1787 298 1811 reorum
319 1778 357 1810 H
375 1775 496 1810 fidelis
512 1786 705 1811 aureorum
727 1777 787 1810 δΡ
835 1780 877 1810 10
897 1777 1141 1820 procurentur
1161 1777 1271 1821 uulyo
1324 1780 1364 1810 11
1385 1777 1465 1811 tum
1486 1789 1502 1811 ε

224 1822 365 1868 deficit]
399 1822 537 1858 defecit
568 1825 602 1857 α’
636 1823 765 1858 difecit
791 1823 835 1868 G.
951 1823 1026 1857 ard.
1061 1834 1114 1857 eX.
1148 1825 1258 1868 uulyo
1370 1827 1411 1858 15
1438 1823 1504 1857 uit.

153 1870 220 1915 est]
247 1869 360 1905 bitari
386 1869 529 1905 necesse
556 1870 607 1905 est
633 1873 671 1904 H
742 1871 927 1905 frumenti.
954 1870 1055 1906 Veri]
1072 1870 1134 1914 Αμ
1208 1871 1277 1916 [et]
1305 1870 1383 1905 uini
1410 1870 1505 1917 [uel]

152 1917 248 1952 aceti
280 1918 390 1962 uulgo
515 1922 556 1952 16
582 1918 636 1952 ita
672 1918 728 1963 ut]
762 1917 888 1961 itaque
921 1920 960 1951 H
1081 1921 1122 1951 19
1155 1917 1313 1952 ballistis
1342 1929 1430 1952 corr.
1465 1920 1506 1952 in

150 1964 295 1999 balistis
317 1967 354 1998 H
383 1964 563 1999 ballistris
585 1964 618 1999 α’
652 1964 797 1999 balistis
828 1965 961 1999 GLaP
988 1963 1151 2000 balistrif
1175 1965 1204 2009 Q
1304 1964 1443 1999 uitetur
1468 1967 1507 1999 H

153 2011 377 2047 Korttianus
396 2015 421 2047 :2
448 2012 597 2047 uidetur
616 2025 641 2056 μ
668 2014 815 2047 uetetur
835 2013 881 2046 A'
903 2013 1110 2048 cauendum
1130 2012 1278 2046 uidetur
1298 2012 1320 2045 ὃ
1346 2011 1505 2057 uidetur,

152 2060 190 2093 in
217 2060 382 2104 maryiwe
408 2059 534 2094 addito
561 2059 784 2101 cauendum,
815 2059 852 2093 P

178 2177 212 2212 s,
239 2177 279 2211 L.
380 2181 396 2210 1
426 2177 581 2221 coactis]
609 2177 778 2220 quoactis
799 2178 847 2222 Al
961 2181 981 2212 2
1008 2156 1152 2212 idone³¹
1175 2178 1215 2210 Π
1309 2181 1328 2211 3
1356 2176 1504 2221 prouin-

153 2223 265 2258 tiales
294 2238 315 2268 μ
438 2228 460 2258 4
492 2223 762 2270 inruptionem]
796 2223 1007 2268 inruptione
1036 2225 1070 2258 α’
1103 2223 1347 2268 irruptionem
1374 2225 1414 2258 H

154 2274 175 2304 4
203 2272 381 2316 condant]
411 2272 493 2306 -unt
518 2272 567 2306 M
589 2271 667 2316 (G1)
743 2275 762 2305 6
791 2271 1009 2317 occupatos]
1039 2270 1098 2306 -ul'
1119 2271 1164 2305 A'
1248 2275 1266 2306 7
1293 2272 1502 2317 turbantur]

154 2318 325 2352 turbatur
352 2321 389 2352 H
454 2318 632 2364 petenda]
660 2319 833 2353 metenda
860 2321 898 2352 H
965 2322 1006 2353 17
1034 2317 1199 2363 prumpti
1225 2319 1260 2352 A
1325 2322 1366 2353 18
1393 2318 1504 2364 sagit-

153 2364 221 2411 tis]
248 2364 347 2410 sagis
368 2367 416 2411 Hl
523 2370 562 2400 19
590 2365 768 2411 honagris
788 2363 833 2400 A’
