1638 2620
612 108 692 145 Lib.
719 108 781 153 ΠΙ,
808 112 864 143 20.
1325 107 1407 148 107

63 207 284 259 Praeterea⁷
317 208 351 246 si
375 207 626 246 multitudine
656 207 907 246 aduersarius
934 206 1141 257 antecedit,
1174 218 1194 244 a
1219 205 1408 243 lateribus

63 272 131 306 aut
157 267 333 306 dextram
360 272 426 305 aut
452 267 651 305 sinistram
678 266 776 304 alam
803 267 1076 305 circumuenit.
1127 264 1171 302 In
1198 276 1275 315 quo
1305 265 1407 314 peri-

62 325 196 365 culum
228 337 411 376 magnum
437 330 508 377 est,
540 326 616 363 nisi
643 326 1013 376 supernumerarios
1039 323 1196 376 habeas,
1228 324 1296 374 qui
1318 335 1408 373 pro-

61 390 226 423 currant
269 384 502 434 hostemque
547 385 778 423 sustineant.
834 383 918 422 Hoc
962 396 1107 434 genere
1146 382 1253 421 solus
1292 381 1410 420 debet

61 442 272 494 confligere
307 444 372 493 qui
405 449 444 480 et
475 442 609 493 plures
642 448 681 481 et
712 443 834 481 fortes
873 442 1055 481 habuerit
1092 441 1322 493 bellatores3
1361 453 1407 478 ex
1428 448 1444 474 5

61 507 230 552 utroque
264 513 388 540 cornu
420 501 572 540 hostem
606 502 893 540 circumueniat
920 507 959 540 et
986 502 1098 552 quasi
1124 503 1163 539 in
1191 502 1321 539 sinum
1348 501 1410 538 sui

61 560 270 599 concludat
302 562 511 599 exercitus.
564 559 743 598 Secunda
771 560 1008 611 depugnatio
1037 565 1097 599 est
1123 559 1292 611 obliqua,
1324 559 1408 610 plu-

60 620 172 657 rimis
198 619 348 658 melior.
398 618 441 657 In
469 631 544 670 qua
571 620 603 657 si
628 631 775 670 paucos
802 625 986 657 strenuos
1018 619 1103 657 loco
1136 619 1277 657 idoneo
1306 618 1408 656 ordi-

61 680 232 730 naueris,
266 680 381 716 etiam
415 679 448 716 si
481 677 731 716 multitudine
764 677 935 716 bostium
970 683 1008 716 et
1039 679 1188 716 uirtute
1221 676 1407 729 turberis,

61 742 191 775 tamen
222 738 372 788 poteris
404 743 606 787 reportare
634 738 852 775 uictoriam.
901 736 1028 775 Huius
1055 736 1142 774 talis
1170 742 1230 775 est
1256 735 1407 774 modus.
1429 744 1463 770 10

61 795 158 834 Cum
184 798 401 834 instructae
428 797 532 834 acies
559 795 604 834 ad
632 807 890 846 congressum
916 797 1094 847 ueniunt,
1126 799 1221 833 tunc
1246 802 1287 834 tu
1316 796 1407 833 sini-

59 859 181 893 stram
226 855 323 893 alam
366 860 473 892 tuam
512 867 533 892 a
571 855 707 893 dextra
745 854 963 893 aduersarii
1000 854 1156 904 longius
1196 853 1409 905 separabis,

59 925 108 951 ne
134 913 199 952 uel
232 913 433 952 missibilia
460 913 506 951 ad
534 925 618 951 eam
652 913 715 952 uel
749 915 911 964 sagittae
944 914 1197 965 perueniant3
1230 913 1408 951 dextram

58 977 191 1011 autem
222 972 319 1011 alam
347 977 453 1011 tuam
481 973 661 1011 sinistrae
689 972 769 1011 alae
798 972 902 1011 illius
928 974 1066 1023 iunges
1094 978 1134 1010 et
1158 971 1212 1010 ibi
1236 973 1408 1022 primum

60 1031 200 1070 inchoa
238 1030 449 1083 proelium,
487 1033 539 1069 ita
573 1037 616 1070 ut
648 1044 738 1070 cum
771 1031 971 1082 equitibus
1004 1032 1163 1082 optimis
1196 1037 1235 1068 et
1266 1030 1406 1082 proba·
1428 1039 1462 1065 15

60 1091 223 1129 tissimis
254 1090 453 1141 peditibus
487 1091 686 1129 sinistram
711 1096 861 1142 partem
889 1090 1006 1142 illius,
1039 1090 1085 1128 ad
1114 1101 1230 1140 quam
1256 1095 1294 1128 te
1321 1091 1408 1128 iun-

57 1151 188 1200 xeris,
232 1149 473 1200 adgrediaris
511 1155 627 1200 atque
666 1151 885 1188 circumeas
923 1155 962 1188 et
1003 1149 1250 1187 detrudendo
1290 1154 1407 1200 atque

59 1208 378 1259 supercurrendo
406 1208 451 1246 ad
479 1208 651 1247 hostium
680 1214 786 1260 terga
814 1210 1035 1259 peruenias.
1086 1207 1197 1252 Quod
1226 1209 1258 1246 si
1287 1207 1408 1246 semel

57 1267 307 1305 aduersarios
340 1267 480 1305 exinde
512 1267 659 1318 pellere
693 1269 892 1319 coeperis,
925 1267 1206 1305 adcedentibus
1239 1268 1318 1305 tuis
1350 1268 1407 1304 in-

0 1335 1 1339 ’
59 1325 274 1364 dubitatam
296 1326 503 1364 uictoriam
524 1328 781 1377 consequeris
803 1332 841 1365 et
860 1338 951 1377 pars
973 1327 1171 1364 exercitus
1194 1326 1263 1377 tui,
1289 1338 1405 1376 quam
1426 1335 1460 1360 20

58 1384 106 1423 ab
144 1385 257 1424 hoste
297 1384 564 1437 submoueris,
606 1398 744 1424 secura
784 1385 953 1423 durabit.
1010 1385 1065 1423 Ad
1107 1384 1406 1423 similitudinem

59 1449 188 1482 antem
214 1444 243 1481 A
272 1444 425 1482 litterae
452 1444 516 1483 1161
541 1444 694 1482 libellae
722 1444 871 1482 fabrilis
898 1446 1002 1482 acies
1028 1446 1067 1481 in
1094 1444 1168 1481 hoc
1195 1443 1406 1482 dimicandi

82 1521 125 1556 V.
153 1522 192 1556 L.
290 1526 310 1556 3
336 1523 553 1566 precurrant
578 1524 618 1556 H
691 1525 711 1556 5
737 1522 941 1556 bellatores
963 1535 978 1556 ε
1006 1523 1040 1556 11.
1069 1522 1131 1566 qui
1158 1524 1197 1555 H
1220 1522 1254 1556 b.
1283 1523 1324 1556 ut
1350 1521 1411 1556 §P

130 1573 150 1602 6
176 1567 215 1602 111
243 1568 357 1603 [11111111
383 1568 486 1603 suum
512 1570 569 1604 λΡ
646 1574 664 1604 7
692 1569 882 1604 concludit
908 1570 957 1603 M
1026 1570 1178 1613 obliqua
1203 1581 1230 1602 π
1255 1567 1407 1612 publica

59 1626 132 1660 qua
152 1617 186 1649 α’
213 1615 365 1660 publica
391 1627 483 1660 quae
505 1620 523 1651 λ
549 1616 702 1660 obliqua.
729 1628 822 1660 quae
843 1618 954 1661 1111190
1025 1621 1065 1650 12
1094 1629 1114 1650 α
1135 1627 1221 1650 uoce
1246 1615 1357 1650 huius
1374 1616 1407 1650 G

56 1664 119 1707 fol.
145 1666 193 1698 42
220 1664 352 1707 incipit
457 1668 498 1697 13
525 1663 675 1698 missilia
702 1665 806 1708 (corr.
834 1675 876 1698 ex
903 1663 1094 1698 missibilia
1119 1665 1174 1707 H)
1201 1663 1316 1697 HDP

57 1710 104 1744 ad
131 1710 230 1756 eam]
265 1711 400 1745 adeant
430 1713 498 1752 (sic
529 1720 637 1754 corr.)
663 1713 703 1745 Π
808 1715 851 1745 14
876 1711 1027 1756 iunges]
1060 1712 1171 1755 iunge
1200 1711 1311 1755 uzdyo

60 1761 102 1792 15
128 1756 263 1791 inchoa
288 1758 471 1802 proelium
491 1761 539 1792 λπ
564 1757 699 1793 inchoa
724 1758 868 1802 proelio
893 1759 1057 1802 (proeleo
1080 1760 1147 1803 Al)
1169 1758 1204 1791 α’
1230 1757 1406 1792 inchoato

57 1804 200 1850 proelio
222 1805 256 1839 G
355 1804 540 1850 [optimis]
568 1806 605 1839 H
703 1810 744 1840 17
773 1807 884 1849 atque
911 1805 1132 1851 [circumeas
1149 1826 1190 1830 ——
1214 1805 1342 1850 atque]
1371 1807 1410 1838 Π

131 1856 172 1886 19
201 1851 446 1887 indubitanda
466 1854 488 1886 δ
554 1856 598 1886 22
625 1854 656 1886 Α
682 1853 753 1887 litt.
777 1853 855 1887 AV
878 1865 900 1887 a
926 1852 998 1887 litt.
1026 1853 1103 1887 MA
1130 1854 1186 1896 (in
1206 1853 1228 1887 l.
1249 1863 1294 1886 er.
1323 1864 1345 1886 α
1366 1854 1407 1895 2)

58 1899 81 1934 1.
106 1899 138 1933 G
161 1898 245 1934 -CC·
275 1901 412 1942 (forma
445 1901 599 1944 antiqua
625 1900 692 1935 litt.
720 1902 755 1945 a)
782 1900 854 1936 litt.
881 1900 941 1934 uel
970 1900 995 1934 C
1023 1902 1061 1934 H
1084 1902 1116 1934 A
1133 1899 1254 1945 [litt]
1277 1900 1350 1943 (sed
1375 1901 1407 1933 A

55 1947 98 1981 in
124 1947 145 1982 l.
172 1958 238 1990 err„
265 1948 330 1981 ubi
357 1948 533 1991 dispicias
564 1948 683 1982 adhuc
708 1948 755 1990 tt)
782 1948 818 1982 P
846 1946 912 1993 [A]
939 1947 1012 1982 litt.
1039 1948 1078 1982 D
1103 1950 1144 1992 ut
1181 1947 1253 1981 litt.
1280 1947 1313 1980 L
1341 1949 1406 1981 aut

57 1993 129 2028 litt.
159 1994 188 2038 Q
284 1993 452 2040 libellae]
480 1993 600 2029 libelli
626 1995 648 2028 δ
677 1994 772 2040 [lib]
800 1997 839 2028 H

83 2065 117 2100 S.
144 2064 181 2098 L.
259 2070 275 2099 1
303 2065 506 2111 antecedit]
535 2064 725 2100 antecidet
748 2066 795 2110 Al
827 2066 1022 2099 antecedet
1043 2065 1133 2100 Par.
1155 2068 1254 2100 7230
1275 2065 1309 2099 A

58 2123 80 2146 a
110 2112 308 2158 lateribus]
342 2112 522 2147 alteribus
549 2113 583 2146 α’
705 2116 725 2146 9
758 2112 1012 2158 multitudine]
1046 2112 1326 2146 multitudinem
1359 2114 1405 2149 α’.

131 2163 172 2193 11
200 2158 415 2205 instructae]
448 2159 538 2194 istae
573 2159 652 2204 (iste
680 2159 714 2193 α’
746 2159 839 2194 histe
875 2160 918 2204 Q>
947 2172 961 2193 ε
1016 2164 1056 2194 12
1090 2159 1277 2204 separauis
1299 2162 1338 2193 H

64 2221 106 2252 13
139 2217 341 2264 miffibilia]
369 2218 562 2253 miscibilia
594 2218 628 2252 α’
656 2219 689 2252 L
788 2222 831 2253 14
863 2218 1009 2264 iunges]
1043 2218 1149 2263 iuges
1169 2220 1217 2263 Α1
1249 2211 1406 2263 itigesG

133 2269 174 2299 16
201 2266 384 2300 iunexeris
410 2266 446 2300 A
569 2270 610 2301 17
645 2266 875 2311 aggrediaris
902 2268 939 2300 H
1062 2270 1103 2299 19
1137 2266 1279 2310 ceperis
1300 2267 1339 2299 H

59 2312 322 2346 accedentibus
344 2314 438 2347 GM]
472 2335 482 2358 1
508 2317 551 2347 21
579 2313 875 2347 summouerisH
931 2313 1097 2359 durabit]
1125 2313 1274 2348 durauit
1299 2315 1333 2347 α’

60 2362 104 2393 22
131 2359 290 2393 fabrillis
310 2360 345 2394 A
371 2360 516 2394 fabrilis
539 2362 587 2395 M
