1638 2620
106 72 132 112 8
162 100 167 107 .
654 68 734 103 Lib.
760 68 786 112 1,
814 72 845 104 3.
872 72 905 102 4.

107 170 295 208 exercitio
335 167 543 206 collectum
587 169 775 206 iuuentus
819 172 957 205 natans
1002 165 1184 205 abluebat
1220 167 1259 204 in
1298 164 1451 216 Tiberi]

105 229 209 267 idem
241 227 424 278 bellator,
462 226 565 264 idern
599 225 785 277 agricola,
826 237 970 276 genera
1002 230 1153 264 tantum
1187 224 1361 264 mutabat
1393 237 1452 263 ar—

105 299 277 339 1norum3
320 286 423 337 quod
456 297 582 336 usque
615 285 710 323 adeo
743 296 883 323 uerum
916 290 993 336 est,
1031 291 1074 323 ut
1111 285 1237 322 aranti
1268 283 1452 329 Quinctio

107 346 338 384 Cincinnato
366 345 599 383 dictaturam
620 348 775 382 constet
801 343 979 381 oblatam.
1004 343 1083 381 vEx
1111 344 1214 393 agris
1240 355 1332 394 ergo
1361 342 1451 381 sub-

69 405 291 457 5plendum
325 403 447 442 robur
479 404 692 453 praecipue
729 401 889 440 uidetur
927 403 1143 454 exercitus3
1185 403 1318 440 nescio
1358 413 1452 452 quo-

3 608 43 628 ius
60 608 155 627 aetatis
174 607 234 626 tiro-

106 464 220 502 modo
260 464 364 501 enini
403 463 535 500 minus
573 466 740 500 mortem
785 462 898 499 timet
936 462 1004 511 qui
1046 462 1177 499 minus
1221 460 1452 498 deliciarum

105 524 216 561 nouit
248 523 288 560 in
320 523 412 559 uita.
1395 512 1397 514 ’

366 579 447 618 1111.
468 578 593 631 Nunc,
606 591 682 629 qua
696 584 821 617 aetate
838 578 981 616 milites
995 578 1072 629 legi
1086 579 1306 630 conueniat,
1322 577 1452 628 explo-

0 643 9 658 ⁵
26 637 153 664 Pmbanffi
169 637 228 657 ΒΜ·
249 651 394 677 remus.
432 637 482 676 Et
501 638 671 689 quidem,
693 638 726 675 si
741 639 900 688 antiqua
918 637 1161 675 consuetudo
1177 636 1366 674 servanda
1381 642 1454 688 est,

54 710 86 734 10

54 1003 87 1028 15

106 700 361 749 incipientem
387 697 635 748 pubertatem
664 696 709 734 ad
737 696 924 734 dilectum
951 695 1164 746 cogendam
1185 694 1316 733 nullus
1342 696 1455 745 ign'o-

105 764 183 809 rat3
225 769 303 795 nou
336 758 439 795 enim
478 761 630 794 tantum
670 754 838 793 celerius
879 754 945 792 sed
987 756 1103 793 etiam
1141 754 1357 805 perfectius
1396 755 1452 791 in-

105 816 284 854 buuntur
323 827 423 866 quae
463 815 671 853 discuntur
710 826 729 851 a
767 815 913 864 pueris.
976 813 1125 851 Deinde
1164 812 1341 852 militaris
1379 812 1454 851 ala-

107 877 238 927 critas,
272 875 395 913 saltus
428 880 467 912 et
499 885 641 912 cursus
668 878 757 911 ante
784 871 1036 923 temptandus
1063 878 1135 924 est,
1168 884 1283 922 quam
1311 883 1456 922 corpus

107 940 232 972 aetate
265 935 472 984 pigrescat.
534 931 728 970 Uelocitas
761 933 865 970 enim
899 936 959 969 est
992 943 1089 981 quae
1121 936 1309 982 percepto
1345 942 1455 968 exer·
1496 965 1500 969 ,

108 994 200 1032 citio
247 998 453 1031 strenuum
495 992 617 1030 efficit
660 987 905 1029 bellatorem.
973 989 1256 1029 Adulescentes
1300 988 1456 1040 legendi

108 1058 211 1104 sunt,
258 1053 360 1090 sicut
407 1052 459 1089 ait
500 1050 708 1089 Sallustius
748 1046 849 1087 eIam
891 1049 1008 1087 simul
1046 1061 1089 1087 ac
1134 1050 1349 1111 iuuentusls¹
1364 1047 1457 1086 belli

131 1189 174 1224 V.
201 1189 241 1222 L.
329 1187 505 1222 exercitio
527 1187 582 1232 &Q
609 1187 751 1222 cursum
777 1197 795 1220 e
823 1186 1019 1229 campestri
1044 1183 1220 1220 exercitio
1242 1198 1265 1218 α
1292 1184 1395 1219 cursu
1419 1186 1457 1219 et

108 1248 136 1270 c.
166 1234 433 1270 exercitatione
461 1236 500 1268 H
524 1245 552 1268 c.
581 1236 618 1268 et
644 1245 673 1268 c.
701 1232 958 1268 exercitatioue
983 1233 1019 1267 P
1115 1238 1131 1266 1
1159 1231 1307 1276 natans]
1335 1232 1457 1266 nando

106 1294 150 1318 εκ
175 1282 319 1317 nandas
339 1293 429 1317 eras.
460 1282 490 1326 Q
610 1280 650 1314 in
675 1280 804 1315 Tiberi
834 1282 873 1313 H
990 1284 1012 1313 4
1039 1279 1220 1324 oblatam]
1254 1278 1399 1313 Persius
1420 1280 1458 1314 et

106 1330 255 1374 trepida
280 1330 366 1364 ante
393 1328 509 1363 boues
524 1329 746 1363 dictatorem
769 1327 893 1362 induit
911 1338 1002 1361 uxor
1022 1329 1060 1361 et
1078 1329 1145 1361 tua
1164 1327 1287 1360 aratra
1307 1327 1457 1360 domum

106 1377 216 1412 lictor
242 1377 330 1411 tulit
355 1377 484 1411 inserit
510 1378 548 1410 Π
644 1380 664 1409 5
691 1374 813 1409 nescio
841 1374 937 1409 enim
965 1374 1150 1418 quomodo
1177 1373 1213 1407 P

203 1436 287 1470 CAP.
320 1434 401 1470 IIII.
453 1439 472 1469 9
505 1434 553 1468 Et
585 1434 752 1479 quidem]
785 1433 970 1477 Equidem
1003 1434 1025 1466 ὃ
1061 1431 1339 1476 Ozidendorpius

109 1487 152 1518 10
178 1482 371 1527 incipienti
396 1481 592 1526 pubertate
621 1481 689 1526 QP
782 1480 990 1525 cogendum
1016 1481 1186 1524 tyronem
1217 1478 1247 1523 Q
1341 1483 1383 1513 12
1403 1479 1458 1513 in-

106 1530 285 1575 buuntur]
306 1529 539 1563 imbibuntur
553 1529 576 1562 δ
594 1529 705 1573 uulyo
725 1528 928 1562 induuntur
944 1527 1225 1570 ommam-pius
1300 1530 1342 1560 16
1363 1526 1457 1560 salu-

107 1577 198 1612 stius
220 1579 258 1611 H
382 1589 416 1612 n.
450 1576 603 1611 simulac
635 1574 810 1610 iuuentus
836 1574 872 1609 b.
905 1587 939 1619 p.
975 1585 1004 1609 e.
1038 1574 1061 1608 i.
1089 1585 1118 1608 c.
1145 1585 1169 1618 p
1204 1572 1371 1608 laborem
1397 1573 1461 1608 ussi

106 1623 241 1659 militie
275 1624 464 1658 discebant
496 1625 534 1657 H
595 1623 694 1657 Nam
732 1622 884 1656 simulac
921 1620 1097 1655 iuuentus
1126 1620 1161 1654 b.
1194 1633 1229 1664 p.
1263 1632 1293 1656 e.
1320 1621 1343 1655 i.
1372 1632 1400 1655 c.
1432 1632 1457 1666 p

106 1672 272 1706 laborem
300 1670 364 1705 usu
386 1670 523 1704 militia
543 1672 581 1715 (a
600 1671 668 1715 ΑΞ)
695 1668 887 1704 discebant
906 1670 940 1702 A
967 1681 1000 1702 n.
1028 1667 1136 1702 simul
1162 1668 1346 1702 aduentus
1368 1667 1459 1702 belli

106 1718 258 1763 paciens
279 1730 311 1753 e.
338 1717 361 1752 i.
393 1729 472 1763 epp
499 1717 666 1752 laborem
697 1716 762 1750 usu
793 1715 968 1750 militiam
1000 1717 1103 1759 (corr.
1137 1726 1180 1749 ex
1211 1715 1313 1758 mal.)
1346 1715 1459 1749 disce-

105 1767 197 1801 bant
225 1767 273 1800 M
308 1777 341 1799 n.
375 1765 483 1799 simul
514 1764 697 1799 aduentus
729 1763 765 1798 b.
797 1763 949 1808 paciens
980 1774 1009 1797 e.
1037 1762 1060 1797 i.
1089 1774 1117 1797 c.
1138 1773 1162 1806 p
1196 1762 1359 1797 laborem
1393 1762 1459 1796 usu

107 1813 265 1847 militiae
292 1812 481 1847 discebant
508 1812 537 1856 Q
570 1824 603 1845 n.
632 1811 654 1846 s.
682 1811 705 1847 i.
734 1811 769 1845 b.
795 1823 830 1855 p.
859 1821 888 1845 e.
918 1811 940 1844 i.
968 1821 997 1845 c.
1024 1821 1059 1854 p.
1092 1808 1235 1844 laboris
1261 1809 1325 1843 usti
1358 1808 1458 1843 mili—

105 1860 159 1895 tia
187 1859 378 1894 discebant
404 1860 465 1894 61>
491 1871 525 1893 n.
555 1858 728 1893 simulata
752 1857 928 1892 iuuentus
948 1857 981 1891 b.
1009 1869 1044 1901 p.
1073 1868 1103 1891 e.
1130 1856 1152 1891 i.
1182 1868 1210 1891 c.
1237 1868 1261 1902 p
1288 1857 1459 1891 laborum

106 1907 172 1942 usa
199 1906 336 1941 militia
361 1906 552 1941 discebant
579 1906 611 1940 G
648 1907 727 1940 Iam
752 1904 928 1939 iuuentus
948 1904 1102 1939 simulac
1130 1904 1163 1938 b.
1191 1915 1227 1948 p.
1257 1915 1286 1939 e.
1314 1903 1336 1937 i.
1365 1915 1393 1938 c.
1421 1915 1457 1948 p.

106 1954 247 1989 laboris
273 1954 377 1988 usum
414 1953 593 1988 miliciam
632 1952 796 1987 discebat
827 1952 921 1986 Giss.
973 1951 1051 1986 Iam
1089 1950 1252 1996 primum
1288 1950 1463 1985 iuuentus

107 2001 261 2036 simulac
287 2001 321 2037 b.
349 2013 383 2045 p.
411 2012 454 2044 e.‚
479 2000 501 2034 i.
529 2012 558 2035 c.
590 2012 657 2045 per
682 2000 848 2034 laborem
881 1999 945 2033 usu
978 1998 1152 2033 militiam
1186 1998 1352 2034 discebat
1378 1998 1459 2033 Sal-

108 2049 240 2083 lustius
273 2048 351 2083 Cat.
378 2052 413 2091 7,
439 2051 462 2082 4
495 2049 561 2091 (ed.
595 2048 774 2091 Iordan);
814 2051 967 2081 ceterum
998 2046 1091 2080 ferre
1125 2047 1213 2090 (non
1244 2048 1324 2091 per)
1356 2046 1458 2080 labo-

107 2107 186 2130 rem
218 2096 281 2130 usu
313 2095 470 2130 militiae
503 2094 667 2129 discebat
695 2095 914 2129 Sallustium
946 2104 984 2128 eo
1017 2094 1091 2128 loeo
1127 2095 1313 2137 scripsisse
1345 2096 1460 2127 censet

108 2142 205 2177 Luci.
234 2144 276 2177 de
302 2142 408 2187 Sybez
438 2142 538 2184 (thes.
572 2143 634 2177 ad*
652 2143 980 2176 commentationem
1011 2141 1054 2175 de
1078 2141 1352 2184 repetitionibus
1376 2151 1458 2175 uer—

134 2260 170 2295 S.
196 2260 235 2294 L.
302 2265 318 2293 1
347 2260 483 2304 Tyberi
503 2261 579 2294 AH
675 2264 696 2293 4
722 2259 967 2304 supplendum
993 2260 1031 2291 H
1128 2262 1147 2291 6
1174 2257 1385 2292 diliciarum
1405 2257 1454 2302 Al

205 2306 287 2341 CAP.
314 2306 393 2342 IIII.
448 2312 487 2341 11
517 2306 733 2353 perfectius]
759 2305 927 2354 epfectins
948 2306 983 2338 A
1079 2304 1296 2339 imbuuntur
1321 2306 1360 2339 H
