1638 2620
594 384 965 432 PRAEFATIO.

547 545 599 587 A.
645 545 713 587 De
746 545 980 602 Vegetio.

220 644 445 682 Flauium
491 643 717 691 Veyetium
760 644 989 683 Renatum
1033 645 1282 685 christianum
1330 648 1451 694 fuisse

104 713 147 740 ex
192 703 449 749 compluribus
492 703 599 745 locis,
645 714 737 749 quos
780 705 887 750 apud
929 705 1055 751 ipsum
1100 705 1201 752 leyas
1246 700 1307 757 (p.
1341 707 1386 754 4,
1416 707 1453 743 3.

105 762 178 809 38,
209 762 259 798 19
281 773 335 808 sq.
376 762 447 807 73,
479 762 541 798 16.
585 762 685 808 152,
715 763 785 810 17,
816 763 880 799 18.
923 764 1023 810 159,
1054 757 1145 815 11),
1189 766 1284 802 satis
1328 765 1452 802 elucet.

104 819 284 858 Eundem
329 831 372 857 ex
416 820 638 858 occidentali
680 822 833 867 imperii
875 821 1046 859 Romani
1082 825 1198 869 parte
1248 824 1454 861 oriundum

103 879 224 925 fuisse
254 879 379 925 ibique
410 879 562 921 vixisse,
589 890 675 916 cum
700 879 850 917 dicendi
879 881 1046 922 ratione,
1080 892 1157 927 qua
1187 892 1282 918 usus
1308 884 1371 924 est,
1404 884 1455 919 to-

104 938 250 984 tiusque
277 938 392 975 libelli
417 938 633 975 condicione
655 939 821 985 probari
845 933 1080 989 uideaturl),
1114 942 1193 977 tum
1224 940 1311 977 inde
1341 940 1455 986 facile

103 996 270 1043 colliqes,
304 997 403 1043 quod
428 999 462 1033 et
484 997 542 1034 rei
572 997 754 1034 militaris
779 997 981 1035 Romanae
1012 999 1170 1035 ruinam
1214 992 1253 1049 (I
1282 992 1356 1050 20)
1404 999 1455 1036 ad

104 1053 329 1093 Gratiani
352 1056 599 1102 potissimum
624 1058 793 1102 tempora
817 1057 936 1103 refert
960 1058 993 1093 et
1020 1056 1320 1094 Vrcillianormn
1353 1051 1454 1107 (siae

111 1107 435 1165 Vreelianorum),
464 1115 588 1161 yentis
607 1112 770 1161 Africae
800 1115 1006 1152 admodum
1037 1117 1198 1162 iynotae,
1229 1117 1456 1153 mentionem

101 1173 196 1219 facit
228 1167 287 1224 (p.
312 1173 406 1221 115,
441 1167 498 1223 5).
549 1172 694 1211 Contra
724 1174 953 1211 militarisne
984 1173 1157 1221 Veyetius
1187 1175 1295 1211 lzomo
1326 1175 1455 1221 fuerit,

105 1231 216 1269 valde
236 1234 289 1269 est
313 1232 412 1278 quod
431 1232 644 1269 dubitemus
652 1226 711 1283 ²);
736 1244 829 1270 nam
850 1228 1026 1270 eillustris
1045 1234 1124 1271 uiri
1144 1228 1304 1270 comitis'
1332 1234 1456 1281 diyni—

175 1344 209 1386 1)
234 1342 288 1386 Of.
304 1343 477 1378 Fabricii
491 1344 573 1378 bibl.
590 1344 651 1378 lat.
667 1344 718 1378 ed.
729 1343 883 1378 Ernesti
895 1343 1020 1388 IIIp.
1034 1348 1119 1386 173;
1135 1344 1454 1389 Selzwebel.(1767)

96 1390 218 1435 praef.
234 1401 273 1434 p.
284 1394 316 1425 4.
344 1390 452 1425 Seeck
466 1390 590 1424 Herm.
607 1390 671 1424 XI
678 1401 717 1434 p.
733 1393 787 1426 63.
830 1389 997 1425 Comitem
1014 1390 1457 1435 Constantinopolitanum

101 1437 279 1472 Nostrum
293 1437 422 1472 diserte
435 1437 563 1472 dicunt
571 1437 800 1472 Harleianus
814 1441 904 1471 2551
923 1437 1053 1481 (XIV.
1069 1441 1112 1483 s.)
1126 1438 1305 1473 Vat.2193
1323 1438 1401 1483 (XI
1414 1439 1455 1473 V.

101 1485 143 1526 s.)
177 1484 257 1519 Vat.
274 1487 367 1519 4494
394 1484 528 1527 (XIV.
543 1485 598 1527 3.).
632 1484 683 1518 In
701 1485 959 1519 recentioribus
985 1485 1125 1529 aliquot
1145 1486 1327 1520 codicibus
1346 1496 1457 1520 comes

106 1531 287 1576 ‘Etylz'us'
317 1532 374 1566 uel
402 1531 574 1566 ‘Etilius’
599 1532 657 1565 uel
672 1531 849 1565 ‘Etolffls’
873 1532 930 1566 uel
958 1531 1127 1566 ‘Atilius'
1155 1531 1318 1577 Veyetius
1343 1533 1456 1567 nomi-

105 1581 219 1613 natur
258 1579 316 1622 (ch
359 1578 438 1613 Vat.
472 1578 561 1623 Rey.
598 1582 686 1613 1512
721 1578 848 1622 (XIV.
886 1579 1011 1622 saco),
1054 1578 1286 1614 Oasanatens.
1322 1580 1456 1624 (Rom.)

106 1624 258 1660 OIV17
281 1625 517 1668 Neapolitan.
538 1625 607 1660 VA
630 1629 671 1660 19
698 1636 881 1670 unumque
907 1636 949 1660 eae
974 1625 1190 1660 Bodleianis
1218 1627 1263 1671 (b.
1292 1627 1455 1661 canonic.

105 1672 175 1707 Nr.
203 1675 284 1714 274,
314 1672 399 1707 XV.
426 1673 563 1717 saec.)).
616 1673 724 1707 Illud
748 1683 834 1707 uero
863 1673 1013 1717 ‘Etylii'
1043 1684 1086 1708 ex
1111 1674 1202 1707 male
1228 1675 1314 1708 lecto
1347 1673 1388 1709 V.
1417 1673 1454 1708 Ο.

103 1719 179 1754 ΕΤ
203 1719 313 1753 ILL.
343 1720 380 1763 (i.
407 1731 434 1755 e.
461 1720 539 1754 uiri
565 1721 703 1754 comitis
735 1723 767 1754 et
791 1720 962 1763 illustris)
991 1741 1027 1744 —
1060 1721 1100 1755 id
1132 1721 1226 1765 quod
1252 1721 1456 1755 Librianus

103 1767 213 1802 coclea:
241 1770 332 1801 1028
356 1767 455 1811 (uide
477 1767 594 1811 infra)
619 1767 696 1802 XI.
724 1767 845 1811 (immo
867 1766 983 1811 XII.)
1009 1777 1100 1802 saec.
1126 1769 1167 1801 in
1192 1768 1310 1811 operis
1336 1768 1456 1803 indice

97 1814 250 1859 praebet
271 1834 313 1838 ———
334 1814 424 1857 quin
449 1817 577 1848 natum
602 1815 663 1856 sit,
688 1824 762 1848 non
787 1814 922 1849 dubito.

175 1863 209 1903 2)
239 1860 294 1903 Cf.
324 1860 501 1905 Turpinii
529 1862 824 1904 „commentaires
848 1871 912 1896 sur
938 1861 985 1895 les
1010 1862 1239 1896 institutions
1264 1862 1457 1896 militaires

102 1909 145 1943 de
184 1907 312 1952 Ve'gyece
351 1908 576 1952 (Montaryis
611 1909 747 1951 1779)“
780 1911 860 1942 tom.
887 1908 911 1941 I
936 1919 976 1952 p.
1006 1911 1092 1942 123:
1130 1908 1293 1953 „Ve'yeee
1330 1909 1456 1943 n'e'tait

101 1955 208 1999 point
239 1955 444 1990 militaire“
476 1958 555 1999 ete,
589 1958 671 1990 tom.
692 1955 774 1989 III
794 1966 829 1999 p.
857 1959 923 1989 45:
946 1955 1126 1999 „11⁷e9ece,
1159 1959 1307 1990 souvent
1337 1957 1455 1990 minu-

104 2003 222 2045 tieua‘,
249 2003 411 2037 derivant
435 2013 499 2037 sur
525 2003 612 2037 l’art
637 2003 679 2037 de
712 2003 748 2037 la
773 2013 899 2046 werre
924 2012 1010 2037 sans
1045 2004 1148 2037 avoir
1167 2002 1306 2045 jamais
1330 2013 1378 2037 vu
1404 2014 1456 2037 un

105 2051 235 2093 camp“
260 2053 322 2085 etc.
376 2049 512 2085 Contra
541 2050 749 2094 principem
774 2049 816 2084 de
841 2049 960 2093 Li9ne
985 2061 1017 2084 a.
1048 2052 1137 2084 1805
1165 2050 1456 2085 DIaximilianus

106 2096 135 2131 J
136 2097 244 2140 alins,
275 2097 332 2131 vir
363 2098 417 2132 rei
447 2097 621 2132 militaris
646 2097 791 2142 eiusque
822 2097 994 2131 historiae
1025 2107 1123 2131 nune
1153 2097 1262 2139 facile
1294 2097 1455 2132 omnium

98 2144 362 2188 peritissimus,
396 2145 492 2178 hune
517 2144 559 2178 in
583 2144 727 2178 modum
753 2144 794 2178 de
825 2147 946 2178 nostro
975 2144 1092 2178 libello
1116 2144 1296 2178 iudicasse
1321 2155 1455 2179 mecum

106 2191 359 2235 beniynissime
383 2191 684 2226 communicauit:
722 2190 845 2234 „O'est
869 2202 921 2225 un
947 2191 1035 2225 livre
1060 2191 1140 2225 d’or
1161 2219 1166 2225 .
1190 2218 1197 2225 .
1222 2218 1228 2226 .
1275 2190 1332 2225 Un
1357 2192 1455 2235 dieu,

105 2239 160 2273 dit
182 2237 321 2282 Ve'qece,
348 2239 493 2282 inspira
513 2239 549 2273 la
570 2239 708 2282 le'yion,·
733 2241 765 2272 et
785 2238 857 2272 moi
870 2238 908 2281 je
928 2241 1051 2272 trouve
1070 2239 1185 2282 qu'un
1205 2238 1289 2272 dieu
1309 2238 1455 2282 inspira

112 2285 265 2330 Ve'yeee“
285 2289 347 2320 etc.
389 2285 538 2330 Quanta
564 2289 682 2321 autem
708 2285 923 2320 auctoritate
950 2284 1031 2329 Vey.
1053 2288 1249 2329 praecepta
1273 2285 1455 2320 militaria

106 2343 187 2367 cum
200 2343 269 2377 per
282 2335 395 2367 totum
410 2333 566 2368 medium
587 2343 716 2369 aeuum
736 2335 812 2368 tum
825 2332 965 2368 saeculo
978 2335 1076 2367 sexto
1096 2332 1229 2367 decimo
1248 2333 1453 2377 floruerint,

107 2380 201 2415 inter
227 2390 344 2415 omnes
363 2383 514 2416 constat.
