1638 2620
200 123 256 164 66
748 123 830 161 Lib.
857 124 920 167 111,
949 128 977 158 1.

202 223 297 262 tudo
330 222 503 262 collecta.
559 222 686 260 Huius
725 222 865 261 modus
898 234 917 259 a
950 223 1147 272 magistris
1188 224 1391 273 quaeritur
1423 235 1548 262 armo-

201 294 301 321 rum.
353 282 448 320 Nam
471 294 559 321 cum
581 280 722 319 Xerxis
744 286 782 319 et
802 280 907 319 Darii
928 287 967 318 et
987 280 1224 320 Mithridatis
1246 287 1549 333 ceterorumque

201 353 359 393 regum,
399 343 465 392 qui
504 339 812 378 innumerabiles
859 345 1108 378 armauerant
1151 340 1337 392 populos,
1376 340 1552 392 exempla

202 399 452 451 releguntur,
491 399 697 437 euidenter
737 404 898 449 apparet
936 400 1100 437 nimium
1141 401 1320 450 copiosos
1354 401 1551 438 exercitus

164 470 180 494 5
201 460 324 509 magis
364 459 522 509 propria
564 456 814 496 multitudine
857 469 973 508 quam
1004 457 1175 496 hostium
1209 459 1357 496 uirtute
1391 458 1550 509 depres-

202 530 266 555 sos
330 517 426 555 Nam
460 515 638 567 pluribus
667 516 822 555 casibus
854 516 1030 555 subiacet
1056 516 1221 567 amplior
1247 517 1477 568 multitud03
1510 518 1550 555 in

201 576 411 614 itineribus
451 587 522 626 pro
563 575 663 613 mole
705 588 773 614 sua
812 587 968 626 semper
1007 581 1066 613 est
1103 575 1269 627 tardior,
1301 577 1340 613 in
1373 575 1551 626 longiore

202 639 334 673 autem
375 635 527 685 agmine
568 635 682 673 etiam
722 647 741 673 a
780 635 914 685 paucis
954 639 1240 684 superuentum
1273 634 1421 672 adsolet
1454 635 1552 686 pati3

202 696 241 732 in
275 694 371 732 locis
404 698 534 732 autern
568 694 719 744 asperis
751 693 815 731 uel
847 692 1075 731 fluminibus
1108 692 1360 731 transeundis
1388 698 1552 744 propter

150 764 184 788 10
203 753 563 804 inpedimentorum
597 764 726 790 moras
760 764 875 803 saepe
911 751 1123 804 decipitur3
1165 757 1370 802 praeterea
1401 753 1551 802 ingenti

202 811 335 850 labore
370 812 590 850 numerosis
630 810 861 849 animalibus
895 811 1086 861 equisque
1125 810 1267 861 pabula
1300 810 1550 861 colliguntur.

202 871 272 909 Rei
307 883 463 922 quoque
502 870 781 909 frumentariae
823 869 1049 920 difficultas,
1092 882 1189 920 quae
1223 871 1263 908 in
1297 871 1403 908 omni
1437 882 1550 921 expe-

203 930 352 968 ditione
385 929 543 968 uitanda
583 935 658 980 est,
698 930 775 967 cito
815 930 982 966 maiores
1021 929 1156 979 fatigat
1188 929 1397 967 exercitus.
1455 928 1552 966 Nam

203 988 448 1040 quantolibet
475 988 604 1026 studio
632 992 890 1038 praeparetur
917 999 1087 1038 annona,
1115 993 1222 1026 tanto
1244 989 1436 1026 maturius
1458 987 1550 1026 defi-

149 1058 182 1083 15
204 1050 273 1100 cit,
307 1053 452 1099 quanto
484 1046 665 1098 pluribus
699 1052 894 1096 erogatur.
952 1045 1060 1096 Aqua
1094 1045 1263 1097 denique
1297 1047 1380 1097 ipsa
1407 1047 1550 1085 nimiae

202 1106 445 1146 multitudini
478 1105 685 1156 aliquando
712 1107 777 1144 uix
806 1105 962 1143 sufficit.
1021 1103 1131 1149 Quod
1161 1106 1192 1143 si
1213 1117 1305 1143 casu
1327 1106 1431 1143 acies
1464 1117 1551 1144 uer-

203 1168 324 1204 terint
350 1171 516 1216 tergum,
544 1177 705 1203 necesse
734 1169 793 1202 est
821 1163 964 1202 multos
991 1163 1129 1202 cadere
1161 1163 1207 1201 de
1236 1163 1369 1202 multis
1396 1169 1435 1202 et
1454 1163 1553 1216 illos,

203 1227 270 1275 qui
309 1224 536 1275 effugerint,
578 1229 620 1262 ut
660 1223 779 1261 semel
824 1223 984 1261 territos
1031 1228 1165 1273 postea
1211 1222 1422 1261 formidare
1463 1235 1552 1261 oon-

204 1283 365 1322 ssiotum.
422 1282 584 1321 Veteres
618 1287 766 1334 autem,
799 1283 866 1332 qui
900 1281 1070 1319 remedia
1098 1281 1372 1320 difficultatum
1401 1283 1551 1332 experi-

150 1353 184 1378 20
204 1343 347 1381 mentis
376 1341 606 1392 didicerant,
633 1353 710 1379 non
739 1346 817 1380 tam
846 1352 1078 1379 numerosos
1100 1352 1214 1391 quam
1237 1340 1413 1379 eruditos
1435 1342 1553 1379 armis

203 1402 401 1439 exercitus
422 1400 567 1438 habere
589 1400 814 1438 uoluerunt.
847 1399 984 1450 Itaque
1004 1401 1043 1437 in
1065 1399 1282 1438 leuioribus
1304 1399 1415 1438 bellis
1437 1411 1552 1438 unam

203 1460 397 1510 legionen]
431 1460 562 1497 mixtis
596 1459 766 1509 auxiliis,
799 1459 874 1496 hoo
907 1464 966 1496 est
1001 1458 1136 1496 decem
1170 1458 1273 1496 milia
1306 1458 1482 1509 peditum
1515 1465 1554 1496 et

202 1518 279 1557 duo
301 1518 405 1556 milia
427 1519 616 1569 equitum,
631 1517 886 1556 erediderunt
907 1529 1021 1567 posse
1043 1517 1238 1569 sufficere,
1255 1529 1371 1568 quam
1393 1529 1552 1556 manum

226 1632 269 1666 V.
298 1632 336 1666 L.
438 1636 454 1665 1
482 1630 593 1664 huius
619 1630 752 1665 modus
774 1629 859 1664 A'n'
892 1629 952 1663 hie
984 1642 1032 1663 m.
1066 1629 1132 1673 μΡ
1162 1629 1248 1664 huic
1274 1642 1320 1664 m.
1348 1631 1458 1675 uulyo

203 1683 222 1713 2
251 1679 348 1724 curn]
383 1679 420 1713 et:
452 1680 489 1711 H
608 1677 729 1712 xerxis
757 1677 832 1711 HD
863 1676 978 1711 xersis
1005 1676 1270 1713 ZVP{xers1s
1299 1677 1347 1711 M
1379 1677 1492 1711 serxis
1520 1677 1553 1712 G

202 1725 322 1760 serxes
342 1725 378 1760 ,A
483 1726 519 1759 et
545 1725 617 1770 M]
651 1725 710 1759 uel
742 1737 788 1758 m.
816 1725 853 1757 π’
957 1723 1189 1758 mithridatis
1210 1737 1234 1768 μ
1267 1724 1470 1759 mitridalzis
1496 1726 1552 1767 (in

203 1775 242 1807 H
264 1774 309 1808 ab
336 1774 413 1807 alia
438 1784 551 1807 manu
581 1773 756 1816 scriptum
788 1772 829 1805 in
861 1772 935 1806 loeo
962 1775 1057 1814 tum,
1084 1783 1164 1806 cum
1190 1772 1366 1806 librarius
1391 1773 1465 1806 cod.
1493 1783 1551 1806 ex·

201 1822 349 1861 arabat,
383 1830 500 1854 uaeao
538 1820 676 1862 relicto)
707 1832 734 1853 π
772 1818 1012 1853 mittridratif
1040 1818 1075 1852 A
1110 1818 1390 1855 mi{bridratis
1418 1818 1451 1853 G

201 1872 223 1901 4
249 1867 423 1912 legun'nur
450 1868 471 1901 ὃ
545 1865 746 1912 [copiosos]
776 1867 815 1899 H
894 1870 936 1899 14
962 1866 1239 1909 quantumlibet
1264 1866 1324 1900 &P
1345 1867 1455 1910 uulyo

202 1914 321 1949 studio
341 1914 486 1959 praep]
507 1913 627 1948 studio
648 1913 836 1958 separetur
850 1912 937 1957 (—0se
956 1924 1039 1956 par·
1061 1912 1107 1955 V3
1128 1914 1169 1947 in
1185 1912 1308 1947 P-ose
1322 1913 1363 1947 in
1382 1914 1404 1948 l.
1420 1914 1482 1958 er.)
1495 1913 1555 1947 δΡ

203 1961 360 2007 studiose
385 1963 628 2006 praeparetur
653 1962 763 2006 παῖ-90
876 1964 919 1994 14
946 1960 1035 1994 defit
1054 1960 1101 1994 A³
1218 1964 1259 1994 15
1285 1959 1401 1994 nimia
1426 1960 1552 1995 multi-

201 2010 331 2044 tudine
358 2010 380 2043 δ
455 2012 497 2043 16
524 2008 623 2043 acies
644 2007 728 2042 casu
754 2009 793 2041 H
860 2010 901 2041 18
927 2007 1064 2052 neunt]
1093 2008 1114 2041 δ
1193 2011 1236 2042 20
1265 2006 1415 2053 [armis]
1441 2008 1551 2052 uulyo

228 2103 262 2137 S.
290 2103 330 2138 L.
406 2106 425 2136 3
447 2102 618 2146 exempla
636 2102 869 2148 releguntur]
892 2101 1081 2146 exemplar
1100 2102 1298 2146 eleguntur
1317 2101 1416 2145 (elig.
1436 2102 1499 2147 M)
1515 2103 1551 2136 α’

262 2155 284 2184 4
311 2149 511 2195 exereitus]
540 2149 598 2184 -os
619 2149 654 2183 α’
724 2154 743 2184 6
771 2149 930 2195 casibus]
959 2147 1119 2183 cassibus
1140 2149 1175 2183 A
1245 2153 1263 2183 7
1289 2149 1495 2193 longiorem
1515 2150 1551 2183 α’

264 2202 307 2232 10
334 2197 691 2243 inpedimentorum]
718 2196 983 2241 impedissorum
1010 2197 1050 2229 H
1121 2200 1161 2230 11
1191 2195 1380 2242 equisque]
1408 2196 1551 2241 aequis-

204 2278 298 2311 quae
325 2281 348 2312 μ
425 2272 468 2302 13
495 2267 665 2313 uitanda]
696 2247 854 2310 uidflessda
874 2267 923 2301 M
993 2270 1035 2301 16
1062 2266 1258 2312 uerterint]
1282 2268 1471 2302 uerterent
1489 2267 1552 2312 Αμ

265 2318 307 2348 18
333 2315 502 2361 territos]
531 2314 684 2349 territus
704 2315 751 2360 Al
849 2312 1078 2359 conflictum]
1106 2312 1280 2348 conflictu
1301 2316 1337 2348 H
1422 2318 1464 2349 21
1493 2325 1551 2349 ex-

204 2361 358 2406 ereitus]
387 2362 444 2397 -os
466 2364 500 2396 α’
599 2362 725 2408 unam]
751 2361 870 2396 uriam
898 2360 947 2395 M
