<?xml version="1.0" encoding="UTF-8"?>
<!DOCTYPE html PUBLIC "-//W3C//DTD XHTML 1.0 Transitional//EN"
    "http://www.w3.org/TR/xhtml1/DTD/xhtml1-transitional.dtd">
<html xmlns="http://www.w3.org/1999/xhtml" xml:lang="en" lang="en">
 <head>
  <title>
</title>
<meta http-equiv="Content-Type" content="text/html;charset=utf-8" />
  <meta name='ocr-system' content='tesseract 3.04.00' />
  <meta name='ocr-capabilities' content='ocr_page ocr_carea ocr_par ocr_line ocrx_word'/>
</head>
<body>
  <div class='ocr_page' id='page_1' title='image "./flavivegetirenat00vegeuoft/flavivegetirenat00vegeuoft_0061.png"; bbox 0 0 1638 2620; ppageno 0'>
   <div class='ocr_carea' id='block_1_1' title="bbox 732 124 1500 168">
    <p class='ocr_par' dir='ltr' id='par_1_1' title="bbox 732 124 1500 168">
     <span class='ocr_line' id='line_1_1' title="bbox 732 124 1500 168; baseline 0 -9"><span class='ocrx_word' id='word_1_1' title='bbox 732 124 812 160; x_wconf 83' lang='lat' dir='ltr'>Lib.</span> <span class='ocrx_word' id='word_1_2' title='bbox 840 126 866 168; x_wconf 79' lang='lat'>1,</span> <span class='ocrx_word' id='word_1_3' title='bbox 895 129 925 159; x_wconf 91' lang='lat'>1.</span> <span class='ocrx_word' id='word_1_4' title='bbox 1473 125 1500 165; x_wconf 80' lang='lat'>5</span> 
     </span>
    </p>
   </div>
   <div class='ocr_carea' id='block_1_2' title="bbox 151 223 1638 1510">
    <p class='ocr_par' dir='ltr' id='par_1_2' title="bbox 152 223 1557 923">
     <span class='ocr_line' id='line_1_2' title="bbox 154 223 1501 274; baseline -0.001 -11"><span class='ocrx_word' id='word_1_5' title='bbox 154 225 246 264; x_wconf 88' lang='lat' dir='ltr'>licet</span> <span class='ocrx_word' id='word_1_6' title='bbox 277 225 317 262; x_wconf 91' lang='lat' dir='ltr'>in</span> <span class='ocrx_word' id='word_1_7' title='bbox 349 224 422 261; x_wconf 91' lang='lat' dir='ltr'>hoc</span> <span class='ocrx_word' id='word_1_8' title='bbox 456 223 645 274; x_wconf 91' lang='lat' dir='ltr'>opusculo</span> <span class='ocrx_word' id='word_1_9' title='bbox 677 236 750 262; x_wconf 91' lang='lat' dir='ltr'>nec</span> <span class='ocrx_word' id='word_1_10' title='bbox 779 223 994 262; x_wconf 82' lang='lat' dir='ltr'>uerborum</span> <span class='ocrx_word' id='word_1_11' title='bbox 1021 225 1264 262; x_wconf 82' lang='lat' dir='ltr'>concinnitas</span> <span class='ocrx_word' id='word_1_12' title='bbox 1292 225 1342 261; x_wconf 91' lang='lat' dir='ltr'>sit</span> <span class='ocrx_word' id='word_1_13' title='bbox 1367 235 1501 261; x_wconf 89' lang='lat' dir='ltr'>neces-</span> 
     </span>
     <span class='ocr_line' id='line_1_3' title="bbox 155 281 1501 334; baseline -0.001 -12"><span class='ocrx_word' id='word_1_14' title='bbox 155 285 255 322; x_wconf 89' lang='lat' dir='ltr'>saria</span> <span class='ocrx_word' id='word_1_15' title='bbox 287 295 359 321; x_wconf 86' lang='lat' dir='ltr'>nec</span> <span class='ocrx_word' id='word_1_16' title='bbox 391 294 555 321; x_wconf 81' lang='lat' dir='ltr'>acumen</span> <span class='ocrx_word' id='word_1_17' title='bbox 587 284 746 333; x_wconf 84' lang='lat' dir='ltr'>ingenii,</span> <span class='ocrx_word' id='word_1_18' title='bbox 779 282 847 321; x_wconf 91' lang='lat' dir='ltr'>sed</span> <span class='ocrx_word' id='word_1_19' title='bbox 879 282 988 321; x_wconf 87' lang='lat' dir='ltr'>labor</span> <span class='ocrx_word' id='word_1_20' title='bbox 1014 282 1179 333; x_wconf 89' lang='lat' dir='ltr'>diligens</span> <span class='ocrx_word' id='word_1_21' title='bbox 1206 294 1249 320; x_wconf 89' lang='lat' dir='ltr'>ac</span> <span class='ocrx_word' id='word_1_22' title='bbox 1276 281 1412 333; x_wconf 80' lang='lat' dir='ltr'>fidelis,</span> <span class='ocrx_word' id='word_1_23' title='bbox 1446 288 1501 334; x_wconf 79' lang='lat' dir='ltr'>ut,</span> 
     </span>
     <span class='ocr_line' id='line_1_4' title="bbox 154 340 1501 393; baseline -0.001 -13"><span class='ocrx_word' id='word_1_24' title='bbox 154 354 253 393; x_wconf 87' lang='lat' dir='ltr'>quae</span> <span class='ocrx_word' id='word_1_25' title='bbox 292 340 392 392; x_wconf 89' lang='lat' dir='ltr'>apud</span> <span class='ocrx_word' id='word_1_26' title='bbox 433 341 613 379; x_wconf 88' lang='lat' dir='ltr'>diuersos</span> <span class='ocrx_word' id='word_1_27' title='bbox 657 341 867 379; x_wconf 87' lang='lat' dir='ltr'>historicos</span> <span class='ocrx_word' id='word_1_28' title='bbox 905 341 968 380; x_wconf 89' lang='lat' dir='ltr'>uel</span> <span class='ocrx_word' id='word_1_29' title='bbox 1013 353 1212 380; x_wconf 87' lang='lat' dir='ltr'>armorum</span> <span class='ocrx_word' id='word_1_30' title='bbox 1256 341 1501 391; x_wconf 61' lang='lat' dir='ltr'>disciplinam</span> 
     </span>
     <span class='ocr_line' id='line_1_5' title="bbox 153 399 1501 451; baseline -0.001 -12"><span class='ocrx_word' id='word_1_31' title='bbox 153 401 340 439; x_wconf 81' lang='lat' dir='ltr'>docentes</span> <span class='ocrx_word' id='word_1_32' title='bbox 367 400 543 451; x_wconf 88' lang='lat' dir='ltr'>dispersa</span> <span class='ocrx_word' id='word_1_33' title='bbox 565 405 604 437; x_wconf 88' lang='lat' dir='ltr'>et</span> <span class='ocrx_word' id='word_1_34' title='bbox 630 399 806 438; x_wconf 87' lang='lat' dir='ltr'>inuoluta</span> <span class='ocrx_word' id='word_1_35' title='bbox 833 400 1022 451; x_wconf 81' lang='lat' dir='ltr'>celantur,</span> <span class='ocrx_word' id='word_1_36' title='bbox 1047 412 1119 451; x_wconf 87' lang='lat' dir='ltr'>pro</span> <span class='ocrx_word' id='word_1_37' title='bbox 1141 399 1307 438; x_wconf 84' lang='lat' dir='ltr'>utilitate</span> <span class='ocrx_word' id='word_1_38' title='bbox 1328 399 1501 437; x_wconf 89' lang='lat' dir='ltr'>Romana</span> 
     </span>
     <span class='ocr_line' id='line_1_6' title="bbox 152 458 1537 510; baseline -0.001 -13"><span class='ocrx_word' id='word_1_39' title='bbox 152 459 406 510; x_wconf 82' lang='lat' dir='ltr'>proferantur</span> <span class='ocrx_word' id='word_1_40' title='bbox 443 460 483 497; x_wconf 89' lang='lat' dir='ltr'>in</span> <span class='ocrx_word' id='word_1_41' title='bbox 521 458 704 496; x_wconf 88' lang='lat' dir='ltr'>medium.</span> <span class='ocrx_word' id='word_1_42' title='bbox 776 458 830 496; x_wconf 89' lang='lat' dir='ltr'>De</span> <span class='ocrx_word' id='word_1_43' title='bbox 875 459 1021 497; x_wconf 89' lang='lat' dir='ltr'>dilectu</span> <span class='ocrx_word' id='word_1_44' title='bbox 1066 461 1185 509; x_wconf 87' lang='lat' dir='ltr'>igitur</span> <span class='ocrx_word' id='word_1_45' title='bbox 1230 464 1345 510; x_wconf 91' lang='lat' dir='ltr'>atque</span> <span class='ocrx_word' id='word_1_46' title='bbox 1391 467 1537 496; x_wconf 86' lang='lat' dir='ltr'>exer-5</span> 
     </span>
     <span class='ocr_line' id='line_1_7' title="bbox 154 517 1502 568; baseline -0.001 -12"><span class='ocrx_word' id='word_1_47' title='bbox 154 519 337 556; x_wconf 78' lang='lat' dir='ltr'>citatione</span> <span class='ocrx_word' id='word_1_48' title='bbox 370 519 544 555; x_wconf 85' lang='lat' dir='ltr'>tironum</span> <span class='ocrx_word' id='word_1_49' title='bbox 576 529 648 567; x_wconf 89' lang='lat' dir='ltr'>per</span> <span class='ocrx_word' id='word_1_50' title='bbox 681 517 870 567; x_wconf 88' lang='lat' dir='ltr'>quosdam</span> <span class='ocrx_word' id='word_1_51' title='bbox 902 517 1046 568; x_wconf 85' lang='lat' dir='ltr'>gradus</span> <span class='ocrx_word' id='word_1_52' title='bbox 1073 525 1112 556; x_wconf 88' lang='lat' dir='ltr'>et</span> <span class='ocrx_word' id='word_1_53' title='bbox 1138 517 1272 556; x_wconf 86' lang='lat' dir='ltr'>titulos</span> <span class='ocrx_word' id='word_1_54' title='bbox 1302 519 1502 568; x_wconf 86' lang='lat' dir='ltr'>antiquam</span> 
     </span>
     <span class='ocr_line' id='line_1_8' title="bbox 153 576 1502 628; baseline 0 -14"><span class='ocrx_word' id='word_1_55' title='bbox 153 576 482 615; x_wconf 80' lang='lat' dir='ltr'>consuetudinem</span> <span class='ocrx_word' id='word_1_56' title='bbox 509 588 697 615; x_wconf 83' lang='lat' dir='ltr'>conamur</span> <span class='ocrx_word' id='word_1_57' title='bbox 724 576 950 627; x_wconf 80' lang='lat' dir='ltr'>ostendere3</span> <span class='ocrx_word' id='word_1_58' title='bbox 978 589 1055 614; x_wconf 89' lang='lat' dir='ltr'>non</span> <span class='ocrx_word' id='word_1_59' title='bbox 1077 589 1153 627; x_wconf 87' lang='lat' dir='ltr'>quo</span> <span class='ocrx_word' id='word_1_60' title='bbox 1181 576 1263 628; x_wconf 78' lang='lat' dir='ltr'>tibi,</span> <span class='ocrx_word' id='word_1_61' title='bbox 1289 578 1502 628; x_wconf 83' lang='lat' dir='ltr'>imperator</span> 
     </span>
     <span class='ocr_line' id='line_1_9' title="bbox 153 635 1501 686; baseline -0.001 -12"><span class='ocrx_word' id='word_1_62' title='bbox 153 637 314 685; x_wconf 82' lang='lat' dir='ltr'>inuicte,</span> <span class='ocrx_word' id='word_1_63' title='bbox 346 637 420 673; x_wconf 89' lang='lat' dir='ltr'>ista</span> <span class='ocrx_word' id='word_1_64' title='bbox 454 635 664 673; x_wconf 86' lang='lat' dir='ltr'>uideantur</span> <span class='ocrx_word' id='word_1_65' title='bbox 695 636 904 685; x_wconf 82' lang='lat' dir='ltr'>incognita,</span> <span class='ocrx_word' id='word_1_66' title='bbox 938 635 1006 672; x_wconf 90' lang='lat' dir='ltr'>sed</span> <span class='ocrx_word' id='word_1_67' title='bbox 1040 641 1094 684; x_wconf 83' lang='lat' dir='ltr'>ut,</span> <span class='ocrx_word' id='word_1_68' title='bbox 1127 647 1225 685; x_wconf 88' lang='lat' dir='ltr'>quae</span> <span class='ocrx_word' id='word_1_69' title='bbox 1259 640 1396 686; x_wconf 90' lang='lat' dir='ltr'>sponte</span> <span class='ocrx_word' id='word_1_70' title='bbox 1430 647 1501 685; x_wconf 84' lang='lat' dir='ltr'>pro</span> 
     </span>
     <span class='ocr_line' id='line_1_10' title="bbox 153 693 1501 745; baseline -0.001 -13"><span class='ocrx_word' id='word_1_71' title='bbox 153 694 393 745; x_wconf 87' lang='lat' dir='ltr'>reipublicae</span> <span class='ocrx_word' id='word_1_72' title='bbox 427 694 550 733; x_wconf 91' lang='lat' dir='ltr'>salute</span> <span class='ocrx_word' id='word_1_73' title='bbox 591 693 783 744; x_wconf 77' lang='lat' dir='ltr'>disponis⁷</span> <span class='ocrx_word' id='word_1_74' title='bbox 825 705 1013 744; x_wconf 81' lang='lat' dir='ltr'>agnoscas</span> <span class='ocrx_word' id='word_1_75' title='bbox 1052 693 1143 731; x_wconf 91' lang='lat' dir='ltr'>olim</span> <span class='ocrx_word' id='word_1_76' title='bbox 1176 694 1394 732; x_wconf 88' lang='lat' dir='ltr'>custodisse</span> <span class='ocrx_word' id='word_1_77' title='bbox 1427 693 1501 731; x_wconf 89' lang='lat' dir='ltr'>Ro-</span> 
     </span>
     <span class='ocr_line' id='line_1_11' title="bbox 153 752 1557 804; baseline -0.001 -13"><span class='ocrx_word' id='word_1_78' title='bbox 153 755 258 791; x_wconf 87' lang='lat' dir='ltr'>mani</span> <span class='ocrx_word' id='word_1_79' title='bbox 289 754 444 804; x_wconf 85' lang='lat' dir='ltr'>imperii</span> <span class='ocrx_word' id='word_1_80' title='bbox 476 753 700 791; x_wconf 87' lang='lat' dir='ltr'>conditores</span> <span class='ocrx_word' id='word_1_81' title='bbox 733 759 772 790; x_wconf 86' lang='lat' dir='ltr'>et</span> <span class='ocrx_word' id='word_1_82' title='bbox 803 753 843 790; x_wconf 91' lang='lat' dir='ltr'>in</span> <span class='ocrx_word' id='word_1_83' title='bbox 875 752 949 790; x_wconf 92' lang='lat' dir='ltr'>hoc</span> <span class='ocrx_word' id='word_1_84' title='bbox 981 764 1104 802; x_wconf 90' lang='lat' dir='ltr'>paruo</span> <span class='ocrx_word' id='word_1_85' title='bbox 1138 752 1279 803; x_wconf 82' lang='lat' dir='ltr'>libello7</span> <span class='ocrx_word' id='word_1_86' title='bbox 1313 752 1500 803; x_wconf 84' lang='lat' dir='ltr'>quicquid</span> <span class='ocrx_word' id='word_1_87' title='bbox 1524 762 1557 785; x_wconf 90' lang='lat'>10</span> 
     </span>
     <span class='ocr_line' id='line_1_12' title="bbox 153 811 1503 862; baseline -0.001 -12"><span class='ocrx_word' id='word_1_88' title='bbox 153 812 200 850; x_wconf 93' lang='lat' dir='ltr'>de</span> <span class='ocrx_word' id='word_1_89' title='bbox 233 812 412 850; x_wconf 85' lang='lat' dir='ltr'>maximis</span> <span class='ocrx_word' id='word_1_90' title='bbox 438 811 558 850; x_wconf 89' lang='lat' dir='ltr'>rebus</span> <span class='ocrx_word' id='word_1_91' title='bbox 585 823 820 862; x_wconf 83' lang='lat' dir='ltr'>semperque</span> <span class='ocrx_word' id='word_1_92' title='bbox 846 813 1081 849; x_wconf 83' lang='lat' dir='ltr'>necessariis</span> <span class='ocrx_word' id='word_1_93' title='bbox 1109 811 1393 861; x_wconf 87' lang='lat' dir='ltr'>requirendum</span> <span class='ocrx_word' id='word_1_94' title='bbox 1420 823 1503 849; x_wconf 86' lang='lat' dir='ltr'>cre-</span> 
     </span>
     <span class='ocr_line' id='line_1_13' title="bbox 153 871 445 923; baseline -0.003 -14"><span class='ocrx_word' id='word_1_95' title='bbox 153 871 224 923; x_wconf 76' lang='lat' dir='ltr'>dis,</span> <span class='ocrx_word' id='word_1_96' title='bbox 255 872 445 908; x_wconf 87' lang='lat' dir='ltr'>inuenias.</span> 
     </span>
    </p>

    <p class='ocr_par' dir='ltr' id='par_1_3' title="bbox 151 928 1638 1510">
     <span class='ocr_line' id='line_1_14' title="bbox 271 928 1631 979; baseline -0.001 -12"><span class='ocrx_word' id='word_1_97' title='bbox 271 929 297 968; x_wconf 87' lang='grc' dir='ltr'>Ι,</span> <span class='ocrx_word' id='word_1_98' title='bbox 324 929 437 967; x_wconf 91' lang='lat' dir='ltr'>Nulla</span> <span class='ocrx_word' id='word_1_99' title='bbox 458 930 561 967; x_wconf 87' lang='lat' dir='ltr'>enim</span> <span class='ocrx_word' id='word_1_100' title='bbox 583 928 654 966; x_wconf 88' lang='lat' dir='ltr'>alia</span> <span class='ocrx_word' id='word_1_101' title='bbox 675 940 717 966; x_wconf 89' lang='lat' dir='ltr'>re</span> <span class='ocrx_word' id='word_1_102' title='bbox 740 928 920 967; x_wconf 89' lang='lat' dir='ltr'>uidemus</span> <span class='ocrx_word' id='word_1_103' title='bbox 938 928 1127 979; x_wconf 88' lang='lat' dir='ltr'>populum</span> <span class='ocrx_word' id='word_1_104' title='bbox 1142 928 1360 966; x_wconf 84' lang='lat' dir='ltr'>Romanum</span> <span class='ocrx_word' id='word_1_105' title='bbox 1392 954 1413 974; x_wconf 67' lang='lat' dir='ltr'>R</span> <span class='ocrx_word' id='word_1_106' title='bbox 1416 960 1616 975; x_wconf 54' lang='lat' dir='ltr'>oooooooooo</span> <span class='ocrx_word' id='word_1_107' title='bbox 1619 960 1631 975; x_wconf 66' lang='lat' dir='ltr'>S</span> 
     </span>
     <span class='ocr_line' id='line_1_15' title="bbox 152 983 1638 1039; baseline -0.001 -13"><span class='ocrx_word' id='word_1_108' title='bbox 152 988 289 1026; x_wconf 88' lang='lat' dir='ltr'>orbem</span> <span class='ocrx_word' id='word_1_109' title='bbox 317 987 519 1039; x_wconf 83' lang='lat' dir='ltr'>subegisse</span> <span class='ocrx_word' id='word_1_110' title='bbox 541 993 738 1026; x_wconf 84' lang='lat' dir='ltr'>terrarum</span> <span class='ocrx_word' id='word_1_111' title='bbox 760 989 835 1025; x_wconf 84' lang='lat' dir='ltr'>nisi</span> <span class='ocrx_word' id='word_1_112' title='bbox 857 999 1055 1025; x_wconf 86' lang='lat' dir='ltr'>armorum</span> <span class='ocrx_word' id='word_1_113' title='bbox 1084 989 1282 1033; x_wconf 89' lang='lat' dir='ltr'>exercitio,</span> <span class='ocrx_word' id='word_1_114' title='bbox 1303 988 1357 1025; x_wconf 89' lang='lat' dir='ltr'>di·</span> <span class='ocrx_word' id='word_1_115' title='bbox 1373 983 1638 1034; x_wconf 49' lang='lat' dir='ltr'>§gffssxzffgtffij’g</span> 
     </span>
     <span class='ocr_line' id='line_1_16' title="bbox 153 1043 1478 1098; baseline -0.001 -13"><span class='ocrx_word' id='word_1_116' title='bbox 153 1047 315 1098; x_wconf 87' lang='lat' dir='ltr'>sciplina</span> <span class='ocrx_word' id='word_1_117' title='bbox 328 1053 548 1085; x_wconf 84' lang='lat' dir='ltr'>castrorum</span> <span class='ocrx_word' id='word_1_118' title='bbox 563 1058 718 1097; x_wconf 90' lang='lat' dir='ltr'>usuque</span> <span class='ocrx_word' id='word_1_119' title='bbox 733 1046 903 1086; x_wconf 88' lang='lat' dir='ltr'>militiae.</span> <span class='ocrx_word' id='word_1_120' title='bbox 933 1046 1034 1091; x_wconf 83' lang='lat' dir='ltr'>Quid</span> <span class='ocrx_word' id='word_1_121' title='bbox 1050 1047 1153 1083; x_wconf 87' lang='lat' dir='ltr'>enirn</span> <span class='ocrx_word' id='word_1_122' title='bbox 1169 1045 1361 1085; x_wconf 87' lang='lat' dir='ltr'>aduersus</span> <span class='ocrx_word' id='word_1_123' title='bbox 1375 1043 1478 1063; x_wconf 54' lang='lat' dir='ltr'>mim·</span> 
     </span>
     <span class='ocr_line' id='line_1_17' title="bbox 153 1102 1503 1156; baseline -0.001 -12"><span class='ocrx_word' id='word_1_124' title='bbox 153 1105 351 1144; x_wconf 85' lang='lat' dir='ltr'>Gallorum</span> <span class='ocrx_word' id='word_1_125' title='bbox 372 1105 663 1144; x_wconf 88' lang='lat' dir='ltr'>multitudinem</span> <span class='ocrx_word' id='word_1_126' title='bbox 683 1106 860 1156; x_wconf 85' lang='lat' dir='ltr'>paucitas</span> <span class='ocrx_word' id='word_1_127' title='bbox 879 1105 1050 1143; x_wconf 88' lang='lat' dir='ltr'>Romana</span> <span class='ocrx_word' id='word_1_128' title='bbox 1072 1102 1290 1143; x_wconf 80' lang='lat' dir='ltr'>ualuisset?</span> <span class='ocrx_word' id='word_1_129' title='bbox 1318 1104 1419 1150; x_wconf 88' lang='lat' dir='ltr'>Quid</span> <span class='ocrx_word' id='word_1_130' title='bbox 1440 1106 1503 1143; x_wconf 91' lang='lat' dir='ltr'>ad-</span> 
     </span>
     <span class='ocr_line' id='line_1_18' title="bbox 153 1161 1504 1215; baseline -0.001 -12"><span class='ocrx_word' id='word_1_131' title='bbox 153 1177 295 1203; x_wconf 89' lang='lat' dir='ltr'>uersus</span> <span class='ocrx_word' id='word_1_132' title='bbox 317 1164 601 1202; x_wconf 86' lang='lat' dir='ltr'>Germanorum</span> <span class='ocrx_word' id='word_1_133' title='bbox 622 1165 900 1215; x_wconf 85' lang='lat' dir='ltr'>proceritatem</span> <span class='ocrx_word' id='word_1_134' title='bbox 922 1163 1096 1202; x_wconf 88' lang='lat' dir='ltr'>breuitas</span> <span class='ocrx_word' id='word_1_135' title='bbox 1116 1166 1311 1214; x_wconf 86' lang='lat' dir='ltr'>potuisset</span> <span class='ocrx_word' id='word_1_136' title='bbox 1331 1161 1504 1203; x_wconf 79' lang='lat' dir='ltr'>audere?</span> 
     </span>
     <span class='ocr_line' id='line_1_19' title="bbox 152 1222 1503 1274; baseline -0.001 -13"><span class='ocrx_word' id='word_1_137' title='bbox 152 1223 349 1274; x_wconf 88' lang='lat' dir='ltr'>Hispanos</span> <span class='ocrx_word' id='word_1_138' title='bbox 382 1224 540 1273; x_wconf 89' lang='lat' dir='ltr'>quidem</span> <span class='ocrx_word' id='word_1_139' title='bbox 573 1235 651 1261; x_wconf 88' lang='lat' dir='ltr'>non</span> <span class='ocrx_word' id='word_1_140' title='bbox 684 1228 837 1261; x_wconf 86' lang='lat' dir='ltr'>tantum</span> <span class='ocrx_word' id='word_1_141' title='bbox 870 1235 1035 1261; x_wconf 87' lang='lat' dir='ltr'>numero</span> <span class='ocrx_word' id='word_1_142' title='bbox 1069 1223 1136 1261; x_wconf 87' lang='lat' dir='ltr'>sed</span> <span class='ocrx_word' id='word_1_143' title='bbox 1171 1228 1209 1261; x_wconf 91' lang='lat' dir='ltr'>et</span> <span class='ocrx_word' id='word_1_144' title='bbox 1237 1222 1392 1261; x_wconf 86' lang='lat' dir='ltr'>uiribus</span> <span class='ocrx_word' id='word_1_145' title='bbox 1419 1235 1503 1261; x_wconf 91' lang='lat' dir='ltr'>cor·</span> 
     </span>
     <span class='ocr_line' id='line_1_20' title="bbox 152 1281 1504 1333; baseline -0.001 -13"><span class='ocrx_word' id='word_1_146' title='bbox 152 1294 294 1333; x_wconf 86' lang='lat' dir='ltr'>porum</span> <span class='ocrx_word' id='word_1_147' title='bbox 327 1283 473 1320; x_wconf 87' lang='lat' dir='ltr'>nostris</span> <span class='ocrx_word' id='word_1_148' title='bbox 506 1283 750 1332; x_wconf 82' lang='lat' dir='ltr'>praestitisse</span> <span class='ocrx_word' id='word_1_149' title='bbox 783 1282 1033 1320; x_wconf 84' lang='lat' dir='ltr'>manifestum</span> <span class='ocrx_word' id='word_1_150' title='bbox 1068 1287 1148 1333; x_wconf 81' lang='lat' dir='ltr'>est3</span> <span class='ocrx_word' id='word_1_151' title='bbox 1180 1282 1366 1321; x_wconf 85' lang='lat' dir='ltr'>Afrorum</span> <span class='ocrx_word' id='word_1_152' title='bbox 1405 1281 1504 1319; x_wconf 87' lang='lat' dir='ltr'>dolis</span> 
     </span>
     <span class='ocr_line' id='line_1_21' title="bbox 152 1340 1558 1392; baseline -0.001 -13"><span class='ocrx_word' id='word_1_153' title='bbox 152 1347 268 1391; x_wconf 87' lang='lat' dir='ltr'>atque</span> <span class='ocrx_word' id='word_1_154' title='bbox 301 1341 450 1379; x_wconf 83' lang='lat' dir='ltr'>diuitiis</span> <span class='ocrx_word' id='word_1_155' title='bbox 483 1353 640 1392; x_wconf 88' lang='lat' dir='ltr'>semper</span> <span class='ocrx_word' id='word_1_156' title='bbox 670 1343 840 1392; x_wconf 85' lang='lat' dir='ltr'>impares</span> <span class='ocrx_word' id='word_1_157' title='bbox 873 1341 1040 1392; x_wconf 81' lang='lat' dir='ltr'>fuimus3</span> <span class='ocrx_word' id='word_1_158' title='bbox 1074 1340 1313 1379; x_wconf 85' lang='lat' dir='ltr'>Graecorum</span> <span class='ocrx_word' id='word_1_159' title='bbox 1352 1340 1504 1378; x_wconf 88' lang='lat' dir='ltr'>artibus</span> <span class='ocrx_word' id='word_1_160' title='bbox 1525 1357 1558 1382; x_wconf 79' lang='lat'>20</span> 
     </span>
     <span class='ocr_line' id='line_1_22' title="bbox 151 1399 1504 1451; baseline -0.001 -13"><span class='ocrx_word' id='word_1_161' title='bbox 151 1400 439 1451; x_wconf 85' lang='lat' dir='ltr'>prudentiaque</span> <span class='ocrx_word' id='word_1_162' title='bbox 484 1412 556 1438; x_wconf 90' lang='lat' dir='ltr'>nos</span> <span class='ocrx_word' id='word_1_163' title='bbox 601 1401 706 1438; x_wconf 87' lang='lat' dir='ltr'>uinci</span> <span class='ocrx_word' id='word_1_164' title='bbox 751 1411 866 1437; x_wconf 88' lang='lat' dir='ltr'>nemo</span> <span class='ocrx_word' id='word_1_165' title='bbox 912 1399 1118 1438; x_wconf 87' lang='lat' dir='ltr'>dubitauit.</span> <span class='ocrx_word' id='word_1_166' title='bbox 1194 1399 1271 1437; x_wconf 84' lang='lat' dir='ltr'>Sed</span> <span class='ocrx_word' id='word_1_167' title='bbox 1316 1399 1504 1437; x_wconf 87' lang='lat' dir='ltr'>adversus</span> 
     </span>
     <span class='ocr_line' id='line_1_23' title="bbox 154 1458 1504 1510; baseline 0 -14"><span class='ocrx_word' id='word_1_168' title='bbox 154 1460 283 1496; x_wconf 87' lang='lat' dir='ltr'>omnia</span> <span class='ocrx_word' id='word_1_169' title='bbox 310 1459 460 1510; x_wconf 88' lang='lat' dir='ltr'>profuit</span> <span class='ocrx_word' id='word_1_170' title='bbox 485 1460 654 1497; x_wconf 87' lang='lat' dir='ltr'>tironem</span> <span class='ocrx_word' id='word_1_171' title='bbox 682 1458 862 1496; x_wconf 86' lang='lat' dir='ltr'>sollerter</span> <span class='ocrx_word' id='word_1_172' title='bbox 889 1458 1046 1510; x_wconf 76' lang='lat' dir='ltr'>eligere,</span> <span class='ocrx_word' id='word_1_173' title='bbox 1078 1460 1151 1505; x_wconf 82' lang='lat' dir='ltr'>ius,</span> <span class='ocrx_word' id='word_1_174' title='bbox 1179 1463 1222 1496; x_wconf 87' lang='lat' dir='ltr'>ut</span> <span class='ocrx_word' id='word_1_175' title='bbox 1249 1460 1301 1496; x_wconf 87' lang='lat' dir='ltr'>ita</span> <span class='ocrx_word' id='word_1_176' title='bbox 1327 1458 1504 1509; x_wconf 80' lang='lat' dir='ltr'>dixerim,</span> 
     </span>
    </p>
   </div>
   <div class='ocr_carea' id='block_1_3' title="bbox 152 1582 1508 2017">
    <p class='ocr_par' dir='ltr' id='par_1_4' title="bbox 152 1582 1508 1817">
     <span class='ocr_line' id='line_1_24' title="bbox 177 1582 1505 1628; baseline -0.001 -11"><span class='ocrx_word' id='word_1_177' title='bbox 177 1584 220 1618; x_wconf 88' lang='lat' dir='ltr'>V.</span> <span class='ocrx_word' id='word_1_178' title='bbox 247 1583 285 1618; x_wconf 93' lang='lat' dir='ltr'>L.</span> <span class='ocrx_word' id='word_1_179' title='bbox 385 1588 404 1617; x_wconf 73' lang='lat'><strong>2</strong></span> <span class='ocrx_word' id='word_1_180' title='bbox 432 1585 474 1618; x_wconf 73' lang='lat' dir='ltr'>ut</span> <span class='ocrx_word' id='word_1_181' title='bbox 499 1583 610 1627; x_wconf 81' lang='lat' dir='ltr'>quae]</span> <span class='ocrx_word' id='word_1_182' title='bbox 638 1585 718 1627; x_wconf 48' lang='grc' dir='ltr'>’τηεμ</span> <span class='ocrx_word' id='word_1_183' title='bbox 753 1597 776 1618; x_wconf 79' lang='grc' dir='ltr'><em>α</em></span> <span class='ocrx_word' id='word_1_184' title='bbox 810 1586 847 1618; x_wconf 79' lang='lat' dir='ltr'>et</span> <span class='ocrx_word' id='word_1_185' title='bbox 874 1594 968 1627; x_wconf 83' lang='lat' dir='ltr'>quae</span> <span class='ocrx_word' id='word_1_186' title='bbox 992 1583 1087 1628; x_wconf 66' lang='lat' dir='ltr'>QaP</span> <span class='ocrx_word' id='word_1_187' title='bbox 1181 1587 1201 1617; x_wconf 83' lang='lat'>5</span> <span class='ocrx_word' id='word_1_188' title='bbox 1229 1582 1384 1628; x_wconf 69' lang='lat' dir='ltr'>dilectu]</span> <span class='ocrx_word' id='word_1_189' title='bbox 1411 1583 1505 1617; x_wconf 87' lang='lat' dir='ltr'>elec-</span> 
     </span>
     <span class='ocr_line' id='line_1_25' title="bbox 152 1629 1506 1675; baseline -0.001 -11"><span class='ocrx_word' id='word_1_190' title='bbox 152 1631 253 1666; x_wconf 79' lang='lat' dir='ltr'>tione</span> <span class='ocrx_word' id='word_1_191' title='bbox 282 1631 319 1664; x_wconf 90' lang='lat' dir='ltr'><strong><em>P</em></strong></span> <span class='ocrx_word' id='word_1_192' title='bbox 417 1634 435 1664; x_wconf 86' lang='lat'><strong>7</strong></span> <span class='ocrx_word' id='word_1_193' title='bbox 470 1631 569 1674; x_wconf 85' lang='lat' dir='ltr'>quod</span> <span class='ocrx_word' id='word_1_194' title='bbox 598 1630 711 1665; x_wconf 80' lang='lat' dir='ltr'>GHV</span> <span class='ocrx_word' id='word_1_195' title='bbox 803 1632 825 1665; x_wconf 89' lang='lat' dir='ltr'>i.</span> <span class='ocrx_word' id='word_1_196' title='bbox 853 1630 1009 1675; x_wconf 76' lang='lat' dir='ltr'>inuicte]</span> <span class='ocrx_word' id='word_1_197' title='bbox 1038 1630 1214 1674; x_wconf 83' lang='lat' dir='ltr'>princeps</span> <span class='ocrx_word' id='word_1_198' title='bbox 1239 1630 1262 1664; x_wconf 85' lang='lat' dir='ltr'>i.</span> <span class='ocrx_word' id='word_1_199' title='bbox 1290 1641 1309 1664; x_wconf 93' lang='lat' dir='ltr'>o</span> <span class='ocrx_word' id='word_1_200' title='bbox 1336 1629 1506 1664; x_wconf 71' lang='lat' dir='ltr'>theodosi</span> 
     </span>
     <span class='ocr_line' id='line_1_26' title="bbox 152 1676 1507 1723; baseline -0.001 -11"><span class='ocrx_word' id='word_1_201' title='bbox 152 1677 323 1712; x_wconf 84' lang='lat' dir='ltr'>diuorum</span> <span class='ocrx_word' id='word_1_202' title='bbox 338 1678 575 1722; x_wconf 80' lang='lat' dir='ltr'>augustorum</span> <span class='ocrx_word' id='word_1_203' title='bbox 589 1677 938 1723; x_wconf 81' lang='lat' dir='ltr'>praecellentissime</span> <span class='ocrx_word' id='word_1_204' title='bbox 952 1678 989 1712; x_wconf 91' lang='lat' dir='ltr'><strong><em>D</em></strong></span> <span class='ocrx_word' id='word_1_205' title='bbox 1039 1677 1095 1722; x_wconf 76' lang='lat' dir='ltr'>ut]</span> <span class='ocrx_word' id='word_1_206' title='bbox 1109 1676 1165 1711; x_wconf 74' lang='lat' dir='ltr'>uti</span> <span class='ocrx_word' id='word_1_207' title='bbox 1184 1677 1223 1711; x_wconf 89' lang='lat' dir='ltr'><em>D</em></span> <span class='ocrx_word' id='word_1_208' title='bbox 1275 1680 1317 1710; x_wconf 90' lang='lat'>10</span> <span class='ocrx_word' id='word_1_209' title='bbox 1333 1688 1446 1720; x_wconf 80' lang='lat' dir='ltr'>paruo</span> <span class='ocrx_word' id='word_1_210' title='bbox 1462 1678 1507 1711; x_wconf 79' lang='grc' dir='ltr'>εδ</span> 
     </span>
     <span class='ocr_line' id='line_1_27' title="bbox 152 1723 1508 1770; baseline -0.001 -11"><span class='ocrx_word' id='word_1_211' title='bbox 152 1736 264 1770; x_wconf 84' lang='lat' dir='ltr'>parco</span> <span class='ocrx_word' id='word_1_212' title='bbox 291 1726 332 1758; x_wconf 92' lang='grc' dir='ltr'><em>Π</em></span> <span class='ocrx_word' id='word_1_213' title='bbox 353 1725 511 1768; x_wconf 79' lang='lat' dir='ltr'>paruulo</span> <span class='ocrx_word' id='word_1_214' title='bbox 540 1725 586 1770; x_wconf 90' lang='lat' dir='ltr'>Pl</span> <span class='ocrx_word' id='word_1_215' title='bbox 660 1727 699 1759; x_wconf 88' lang='lat' dir='ltr'><em>H</em></span> <span class='ocrx_word' id='word_1_216' title='bbox 721 1726 912 1770; x_wconf 70' lang='lat' dir='ltr'>subiunyit</span> <span class='ocrx_word' id='word_1_217' title='bbox 931 1726 1180 1769; x_wconf 71' lang='lat' dir='ltr'>praefationi:</span> <span class='ocrx_word' id='word_1_218' title='bbox 1248 1723 1384 1768; x_wconf 76' lang='lat' dir='ltr'>Incipit</span> <span class='ocrx_word' id='word_1_219' title='bbox 1410 1724 1508 1758; x_wconf 82' lang='lat' dir='ltr'>liber</span> 
     </span>
     <span class='ocr_line' id='line_1_28' title="bbox 152 1771 808 1817; baseline 0.002 -11"><span class='ocrx_word' id='word_1_220' title='bbox 152 1772 301 1817; x_wconf 87' lang='lat' dir='ltr'>primus.</span> <span class='ocrx_word' id='word_1_221' title='bbox 350 1772 398 1806; x_wconf 87' lang='lat' dir='ltr'>V:</span> <span class='ocrx_word' id='word_1_222' title='bbox 424 1771 588 1816; x_wconf 74' lang='lat' dir='ltr'>Explicit</span> <span class='ocrx_word' id='word_1_223' title='bbox 612 1772 808 1816; x_wconf 75' lang='lat' dir='ltr'>praefatio.</span> 
     </span>
    </p>

    <p class='ocr_par' dir='ltr' id='par_1_5' title="bbox 249 1829 1508 1876">
     <span class='ocr_line' id='line_1_29' title="bbox 249 1829 1508 1876; baseline -0.002 -11"><span class='ocrx_word' id='word_1_224' title='bbox 249 1831 334 1866; x_wconf 74' lang='lat' dir='ltr'>CAP.</span> <span class='ocrx_word' id='word_1_225' title='bbox 362 1830 390 1866; x_wconf 92' lang='grc' dir='ltr'>Ι.</span> <span class='ocrx_word' id='word_1_226' title='bbox 472 1835 515 1866; x_wconf 92' lang='grc'>16</span> <span class='ocrx_word' id='word_1_227' title='bbox 542 1830 734 1876; x_wconf 81' lang='lat' dir='ltr'>aduersus]</span> <span class='ocrx_word' id='word_1_228' title='bbox 763 1831 956 1866; x_wconf 81' lang='lat' dir='ltr'>aduersum</span> <span class='ocrx_word' id='word_1_229' title='bbox 984 1832 1006 1864; x_wconf 83' lang='grc' dir='ltr'><em>δ</em></span> <span class='ocrx_word' id='word_1_230' title='bbox 1090 1834 1132 1865; x_wconf 86' lang='grc'>17</span> <span class='ocrx_word' id='word_1_231' title='bbox 1159 1829 1313 1874; x_wconf 81' lang='lat' dir='ltr'>audere]</span> <span class='ocrx_word' id='word_1_232' title='bbox 1339 1829 1442 1864; x_wconf 84' lang='lat' dir='ltr'>adire</span> <span class='ocrx_word' id='word_1_233' title='bbox 1468 1830 1508 1863; x_wconf 91' lang='grc' dir='ltr'><em>Π</em></span> 
     </span>
    </p>

    <p class='ocr_par' dir='ltr' id='par_1_6' title="bbox 152 1877 1506 2017">
     <span class='ocr_line' id='line_1_30' title="bbox 249 1877 1506 1924; baseline -0.002 -12"><span class='ocrx_word' id='word_1_234' title='bbox 249 1882 291 1912; x_wconf 90' lang='grc'>18</span> <span class='ocrx_word' id='word_1_235' title='bbox 317 1877 516 1924; x_wconf 84' lang='lat' dir='ltr'>Hispanos]</span> <span class='ocrx_word' id='word_1_236' title='bbox 545 1878 688 1923; x_wconf 76' lang='lat' dir='ltr'>spanos</span> <span class='ocrx_word' id='word_1_237' title='bbox 709 1881 745 1912; x_wconf 91' lang='grc' dir='ltr'><strong>Π</strong></span> <span class='ocrx_word' id='word_1_238' title='bbox 848 1883 891 1913; x_wconf 82' lang='lat'>21</span> <span class='ocrx_word' id='word_1_239' title='bbox 920 1878 1109 1912; x_wconf 72' lang='lat' dir='ltr'>dubitabit</span> <span class='ocrx_word' id='word_1_240' title='bbox 1134 1878 1168 1910; x_wconf 85' lang='grc' dir='ltr'>α’</span> <span class='ocrx_word' id='word_1_241' title='bbox 1199 1878 1254 1921; x_wconf 73' lang='lat' dir='ltr'>(in</span> <span class='ocrx_word' id='word_1_242' title='bbox 1281 1877 1330 1910; x_wconf 89' lang='lat' dir='ltr'><em>M</em></span> <span class='ocrx_word' id='word_1_243' title='bbox 1352 1877 1506 1918; x_wconf 76' lang='lat' dir='ltr'>fortasse</span> 
     </span>
     <span class='ocr_line' id='line_1_31' title="bbox 152 1923 1505 1970; baseline -0.002 -10"><span class='ocrx_word' id='word_1_244' title='bbox 152 1930 349 1960; x_wconf 76' lang='lat' dir='ltr'>correctum</span> <span class='ocrx_word' id='word_1_245' title='bbox 369 1937 413 1960; x_wconf 68' lang='lat' dir='ltr'>ex·</span> <span class='ocrx_word' id='word_1_246' title='bbox 433 1924 633 1970; x_wconf 74' lang='lat' dir='ltr'>dubitauit)</span> <span class='ocrx_word' id='word_1_247' title='bbox 655 1925 862 1960; x_wconf 74' lang='lat' dir='ltr'>Scriuerius</span> <span class='ocrx_word' id='word_1_248' title='bbox 882 1925 1071 1959; x_wconf 70' lang='lat' dir='ltr'>dubitabit</span> <span class='ocrx_word' id='word_1_249' title='bbox 1097 1935 1186 1959; x_wconf 71' lang='lat' dir='ltr'>corr.</span> <span class='ocrx_word' id='word_1_250' title='bbox 1208 1935 1251 1958; x_wconf 70' lang='lat' dir='ltr'>ea:</span> <span class='ocrx_word' id='word_1_251' title='bbox 1272 1923 1459 1958; x_wconf 74' lang='lat' dir='ltr'>dubitauit</span> <span class='ocrx_word' id='word_1_252' title='bbox 1476 1924 1505 1968; x_wconf 71' lang='lat' dir='ltr'><em>Q</em></span> 
     </span>
     <span class='ocr_line' id='line_1_32' title="bbox 248 1972 882 2017; baseline 0 -10"><span class='ocrx_word' id='word_1_253' title='bbox 248 1977 292 2007; x_wconf 73' lang='lat'>22</span> <span class='ocrx_word' id='word_1_254' title='bbox 320 1972 505 2007; x_wconf 76' lang='lat' dir='ltr'>sollertem</span> <span class='ocrx_word' id='word_1_255' title='bbox 533 1972 669 2017; x_wconf 71' lang='lat' dir='ltr'>(tolert.</span> <span class='ocrx_word' id='word_1_256' title='bbox 696 1973 797 2017; x_wconf 82' lang='lat' dir='ltr'>A&#39;P)</span> <span class='ocrx_word' id='word_1_257' title='bbox 823 1973 882 2008; x_wconf 77' lang='lat' dir='ltr'>sP</span> 
     </span>
    </p>
   </div>
   <div class='ocr_carea' id='block_1_4' title="bbox 237 1547 361 1549">
    <p class='ocr_par' dir='ltr' id='par_1_7' title="bbox 237 1547 361 1549">
     <span class='ocr_line' id='line_1_33' title="bbox 237 1547 361 1549; baseline 0 0"><span class='ocrx_word' id='word_1_258' title='bbox 237 1547 361 1549; x_wconf 95' lang='lat' dir='ltr'> </span> 
     </span>
    </p>
   </div>
   <div class='ocr_carea' id='block_1_5' title="bbox 235 2053 437 2058">
    <p class='ocr_par' dir='ltr' id='par_1_8' title="bbox 235 2053 437 2058">
     <span class='ocr_line' id='line_1_34' title="bbox 235 2053 437 2058; baseline 0 0"><span class='ocrx_word' id='word_1_259' title='bbox 235 2053 437 2058; x_wconf 95' lang='lat' dir='ltr'> </span> 
     </span>
    </p>
   </div>
   <div class='ocr_carea' id='block_1_6' title="bbox 152 2087 1506 2289">
    <p class='ocr_par' dir='ltr' id='par_1_9' title="bbox 152 2087 1506 2289">
     <span class='ocr_line' id='line_1_35' title="bbox 178 2087 1506 2135; baseline -0.004 -10"><span class='ocrx_word' id='word_1_260' title='bbox 178 2091 211 2125; x_wconf 85' lang='lat' dir='ltr'>S.</span> <span class='ocrx_word' id='word_1_261' title='bbox 239 2091 280 2125; x_wconf 92' lang='lat' dir='ltr'>L.</span> <span class='ocrx_word' id='word_1_262' title='bbox 365 2095 382 2124; x_wconf 91' lang='lat'>1</span> <span class='ocrx_word' id='word_1_263' title='bbox 411 2090 583 2135; x_wconf 86' lang='lat' dir='ltr'>opuscolo</span> <span class='ocrx_word' id='word_1_264' title='bbox 608 2091 657 2135; x_wconf 82' lang='lat' dir='ltr'>Al</span> <span class='ocrx_word' id='word_1_265' title='bbox 761 2090 993 2125; x_wconf 73' lang='lat' dir='ltr'>concinnitas</span> <span class='ocrx_word' id='word_1_266' title='bbox 1020 2101 1110 2125; x_wconf 78' lang='lat' dir='ltr'>corr.</span> <span class='ocrx_word' id='word_1_267' title='bbox 1146 2100 1189 2123; x_wconf 71' lang='lat' dir='ltr'>ex</span> <span class='ocrx_word' id='word_1_268' title='bbox 1221 2087 1453 2132; x_wconf 79' lang='lat' dir='ltr'>concignitas</span> <span class='ocrx_word' id='word_1_269' title='bbox 1477 2087 1506 2132; x_wconf 76' lang='lat' dir='ltr'><em>Q</em></span> 
     </span>
     <span class='ocr_line' id='line_1_36' title="bbox 248 2134 1505 2183; baseline -0.002 -12"><span class='ocrx_word' id='word_1_270' title='bbox 248 2141 268 2171; x_wconf 89' lang='lat'>5</span> <span class='ocrx_word' id='word_1_271' title='bbox 296 2137 450 2183; x_wconf 80' lang='lat' dir='ltr'>dilectu]</span> <span class='ocrx_word' id='word_1_272' title='bbox 486 2138 623 2172; x_wconf 73' lang='lat' dir='ltr'>dilecto</span> <span class='ocrx_word' id='word_1_273' title='bbox 651 2151 667 2172; x_wconf 81' lang='grc' dir='ltr'><strong><em>ε</em></strong></span> <span class='ocrx_word' id='word_1_274' title='bbox 783 2142 802 2172; x_wconf 84' lang='grc'>6</span> <span class='ocrx_word' id='word_1_275' title='bbox 829 2137 967 2182; x_wconf 82' lang='lat' dir='ltr'>grados</span> <span class='ocrx_word' id='word_1_276' title='bbox 988 2137 1023 2171; x_wconf 75' lang='grc' dir='ltr'>α’</span> <span class='ocrx_word' id='word_1_277' title='bbox 1141 2141 1159 2170; x_wconf 86' lang='lat'><strong>7</strong></span> <span class='ocrx_word' id='word_1_278' title='bbox 1187 2134 1407 2180; x_wconf 80' lang='lat' dir='ltr'>imperator]</span> <span class='ocrx_word' id='word_1_279' title='bbox 1439 2135 1505 2168; x_wconf 85' lang='lat' dir='ltr'>im-</span> 
     </span>
     <span class='ocr_line' id='line_1_37' title="bbox 152 2184 1032 2230; baseline -0.001 -11"><span class='ocrx_word' id='word_1_280' title='bbox 152 2188 304 2230; x_wconf 79' lang='lat' dir='ltr'>peratur</span> <span class='ocrx_word' id='word_1_281' title='bbox 329 2185 376 2219; x_wconf 84' lang='lat' dir='ltr'>A&#39;</span> <span class='ocrx_word' id='word_1_282' title='bbox 476 2189 520 2219; x_wconf 84' lang='lat'>10</span> <span class='ocrx_word' id='word_1_283' title='bbox 547 2185 739 2230; x_wconf 72' lang='lat' dir='ltr'>quicquid]</span> <span class='ocrx_word' id='word_1_284' title='bbox 767 2184 960 2229; x_wconf 80' lang='lat' dir='ltr'>quodquid</span> <span class='ocrx_word' id='word_1_285' title='bbox 985 2185 1032 2218; x_wconf 76' lang='lat' dir='ltr'>A&#39;</span> 
     </span>
     <span class='ocr_line' id='line_1_38' title="bbox 248 2240 1406 2289; baseline -0.004 -11"><span class='ocrx_word' id='word_1_286' title='bbox 248 2243 329 2278; x_wconf 77' lang='lat' dir='ltr'>CAP.</span> <span class='ocrx_word' id='word_1_287' title='bbox 356 2243 382 2278; x_wconf 87' lang='lat' dir='ltr'>I.</span> <span class='ocrx_word' id='word_1_288' title='bbox 460 2248 503 2278; x_wconf 85' lang='lat'>14</span> <span class='ocrx_word' id='word_1_289' title='bbox 530 2244 671 2289; x_wconf 85' lang='lat' dir='ltr'>orbem]</span> <span class='ocrx_word' id='word_1_290' title='bbox 699 2243 828 2278; x_wconf 86' lang='lat' dir='ltr'>urbem</span> <span class='ocrx_word' id='word_1_291' title='bbox 854 2244 903 2289; x_wconf 63' lang='lat' dir='ltr'>Al</span> <span class='ocrx_word' id='word_1_292' title='bbox 999 2246 1041 2277; x_wconf 85' lang='lat'>15</span> <span class='ocrx_word' id='word_1_293' title='bbox 1068 2242 1221 2287; x_wconf 89' lang='lat' dir='ltr'>usuque]</span> <span class='ocrx_word' id='word_1_294' title='bbox 1248 2240 1330 2284; x_wconf 75' lang='lat' dir='ltr'>usq3</span> <span class='ocrx_word' id='word_1_295' title='bbox 1359 2240 1406 2285; x_wconf 90' lang='grc' dir='ltr'>Α1</span> 
     </span>
    </p>
   </div>
   <div class='ocr_carea' id='block_1_7' title="bbox 154 2292 1507 2396">
    <p class='ocr_par' dir='ltr' id='par_1_10' title="bbox 154 2292 1507 2396">
     <span class='ocr_line' id='line_1_39' title="bbox 154 2292 1507 2395; baseline -0.003 -47"><span class='ocrx_word' id='word_1_296' title='bbox 154 2314 279 2395; x_wconf 40' lang='lat' dir='ltr'>quid-L</span> <span class='ocrx_word' id='word_1_297' title='bbox 291 2292 391 2374; x_wconf 57' lang='lat' dir='ltr'>qucin.</span> <span class='ocrx_word' id='word_1_298' title='bbox 422 2315 458 2349; x_wconf 90' lang='lat' dir='ltr'><strong><em>A</em></strong></span> <span class='ocrx_word' id='word_1_299' title='bbox 591 2319 633 2349; x_wconf 89' lang='grc'>19</span> <span class='ocrx_word' id='word_1_300' title='bbox 667 2314 893 2359; x_wconf 73' lang='lat' dir='ltr'>praestetisse</span> <span class='ocrx_word' id='word_1_301' title='bbox 925 2313 971 2349; x_wconf 81' lang='lat' dir='ltr'>A&#39;</span> <span class='ocrx_word' id='word_1_302' title='bbox 1095 2317 1138 2347; x_wconf 75' lang='lat'>21</span> <span class='ocrx_word' id='word_1_303' title='bbox 1171 2310 1387 2357; x_wconf 75' lang='lat' dir='ltr'>prudentia]</span> <span class='ocrx_word' id='word_1_304' title='bbox 1421 2322 1507 2355; x_wconf 81' lang='lat' dir='ltr'>pru-</span> 
     </span>
     <span class='ocr_line' id='line_1_40' title="bbox 154 2373 328 2396; baseline -0.006 0"><span class='ocrx_word' id='word_1_305' title='bbox 154 2373 222 2396; x_wconf 75' lang='lat' dir='ltr'>cen</span> <span class='ocrx_word' id='word_1_306' title='bbox 243 2374 278 2395; x_wconf 80' lang='lat' dir='ltr'>1a</span> <span class='ocrx_word' id='word_1_307' title='bbox 306 2376 328 2395; x_wconf 86' lang='grc' dir='ltr'>α</span> 
     </span>
    </p>
   </div>
  </div>
 </body>
</html>
