1638 2620
696 113 774 148 Lib.
802 113 865 156 111,
894 118 924 151 1.
1423 115 1478 156 65

131 215 354 252 moniorum
375 211 579 263 disciplina
599 213 804 263 profuerit,
830 217 874 251 ut
901 214 1078 252 omittam
1099 218 1242 265 cetera,
1264 212 1478 264 Xanthippi

128 272 351 311 declaratur
371 270 559 322 exemplo,
576 271 644 322 qui
664 270 825 310 Atilium
839 271 1033 322 Regulum
1049 271 1346 322 Romanumque
1368 284 1476 310 exer-

129 333 250 370 citum
283 342 398 381 saepe
432 331 641 381 uictorem,
674 342 764 368 cum
795 329 1188 381 Karthaginiensibus
1216 342 1294 369 non
1328 332 1475 370 uirtute

130 390 198 428 sed
226 394 308 428 arte
336 388 442 427 solus
470 389 592 427 serret
618 388 824 439 auxilium,
853 390 1062 440 prostratis
1097 389 1336 428 exercitibus
1371 391 1475 439 cepit

127 460 171 487 ac
199 448 349 487 domuit
375 460 532 498 unoque
559 459 775 497 congressu
805 448 1049 499 triumphans
1070 448 1214 487 bellum
1242 461 1355 487 omne
1383 461 1473 487 con-
1495 458 1511 483 5

127 508 230 546 fecit.
262 506 342 544 Nec
370 507 501 545 minus
520 505 713 544 Hannibal
732 507 930 556 petiturus
950 506 1099 546 Italiam
1120 507 1475 546 Lacedaemonium

126 565 327 604 doctorem
362 566 557 616 quaesiuit
589 577 804 616 armorum,
847 566 961 604 cuius
999 567 1158 604 monitis
1197 571 1254 605 tot
1293 566 1474 605 consules

127 630 332 675 tantasque
370 624 544 675 legiones
583 625 748 663 inferior
786 636 951 662 numero
990 637 1034 663 ac
1073 626 1226 663 uiribus
1262 626 1473 664 interemit.

126 682 250 734 Igitur
283 685 349 734 qui
387 683 585 722 desiderat
616 695 768 734 pacem,
807 689 1015 734 praeparet
1053 683 1217 736 bellum3
1251 686 1317 734 qui
1350 686 1473 723 uicto-

126 744 224 781 riam
256 744 380 794 cnpit,
413 742 556 781 milites
595 741 731 781 inbuat
766 741 990 793 diligenter3
1031 744 1097 793 qui
1137 742 1332 781 secundos
1365 748 1473 795 optat
1494 754 1527 778 10

125 806 311 853 euentus,
344 800 503 840 dimicet
535 806 634 852 arte,
668 813 747 839 non
780 812 883 839 casu.
939 800 1062 839 Nemo
1095 814 1326 854 prouocare,
1359 814 1473 840 nemo

128 859 246 898 audet
267 859 464 898 offendere
486 873 602 911 quem
630 859 821 910 intellegit
848 861 1092 911 superiorem
1121 872 1225 913 esse,
1254 862 1287 899 si
1312 866 1472 912 pugnet.

244 1012 270 1050 1.
303 1012 458 1051 Primus
479 1012 579 1051 liber
605 1014 779 1052 tironum
805 1013 992 1051 dilectum
1020 1015 1331 1064 exercitiumque
1361 1039 1411 1065 Qui
1439 1039 1529 1060 modu„
1559 1047 1617 1062 esse

126 1072 380 1124 deprompsit,
395 1084 564 1123 sequens
579 1072 743 1123 legionis
758 1073 1044 1110 institutionem
1067 1072 1330 1124 disciplinam-

126 1143 202 1180 que
224 1130 381 1169 edocuit
402 1130 620 1183 militarem,
635 1131 698 1169 hic
720 1132 861 1169 tertius
883 1131 1090 1170 classicum
1106 1138 1229 1170 sonat.
1262 1131 1353 1170 Ideo
1369 1133 1474 1170 enim
1495 1146 1527 1170 15

125 1189 188 1227 illa
214 1191 428 1240 praemissa
455 1195 563 1242 sunt,
589 1195 634 1228 ut
659 1189 773 1241 haec,
799 1191 838 1228 in
866 1190 1010 1241 quibus
1042 1192 1181 1240 peritia
1214 1192 1473 1229 certaminum

126 1253 164 1286 et
191 1249 380 1287 uictoriae
414 1261 564 1287 summa
598 1250 795 1301 consistit,
834 1249 1062 1300 disciplinae
1098 1249 1236 1287 ordine
1276 1249 1472 1288 custodito

126 1312 164 1345 et
196 1307 521 1358 intellegerentur
554 1307 723 1346 celerius
756 1313 794 1346 et
826 1308 991 1359 amplius
1023 1308 1267 1347 adiuuarent.

242 1365 450 1404 Exercitus
483 1367 627 1405 dicitur
665 1372 743 1405 tam
784 1367 981 1417 legionum
1015 1379 1131 1417 quam
1165 1368 1281 1405 etiam
1314 1367 1472 1406 auxilio-

124 1436 212 1462 rum
245 1437 318 1463 nec
350 1438 427 1463 non
462 1427 575 1464 etiam
613 1426 791 1476 equitum
830 1425 876 1463 ad
909 1425 1126 1476 gerendum
1164 1425 1309 1464 bellum
1342 1426 1471 1464 multi-
1493 1444 1527 1468 20

148 1537 192 1572 V.
219 1537 257 1574 L.
335 1542 351 1572 1
381 1541 504 1574 cetera
529 1541 576 1573 πλ
603 1539 745 1574 ceteras
769 1552 792 1572 α
819 1539 963 1574 ceteros
985 1539 1073 1573 Par.
1103 1541 1252 1574 7230A
1279 1541 1390 1584 uulyo

124 1585 324 1630 Xanthippi
361 1597 452 1621 corr.
484 1598 527 1621 eat
563 1586 754 1631 xanetippi
787 1588 827 1620 Π
860 1585 1077 1631 xanethippi
1110 1600 1133 1620 α
1172 1586 1408 1631 xancsthippi
1440 1587 1474 1620 L

249 1639 269 1663 h

124 1667 302 1712 xanestipi
329 1668 362 1703 G
388 1668 551 1713 santippi
581 1668 615 1703 V
635 1669 804 1713 xantippi
830 1669 909 1703 DP
1006 1674 1024 1703 2
1052 1668 1216 1714 atilium]
1245 1668 1409 1703 attilium
1435 1669 1474 1703 D

125 1715 281 1749 atalium
316 1716 348 1749 V
414 1715 537 1761 [Reg]
565 1718 605 1750 H
699 1721 718 1750 3
745 1715 1096 1761 karthaginensibus
1117 1717 1166 1750 M
1188 1716 1472 1760 kartaginiensi-

123 1761 193 1796 bus
210 1763 249 1795 H
265 1762 596 1807 cartaginiensibus
611 1764 710 1798 AaP
726 1763 1043 1808 cartaginensibus
1052 1767 1070 1797 λ
1091 1762 1405 1807 artaginiensibus
1422 1763 1467 1808 G,

219 1813 241 1843 4
267 1809 352 1845 solis
373 1810 409 1844 P
503 1815 522 1845 6
549 1811 700 1845 annibal
726 1825 749 1845 α
848 1816 867 1845 9
894 1812 1138 1855 praepararet
1162 1811 1196 1844 L
1222 1812 1422 1855 praeparat
1443 1812 1472 1856 Q

221 1860 262 1891 12
291 1857 362 1892 esse
393 1857 421 1891 si
453 1858 608 1904 pugnet]
644 1860 699 1902 (in
724 1858 758 1892 L
790 1859 908 1902 spatio
940 1859 1062 1893 relicto
1094 1860 1189 1893 inter
1222 1858 1292 1892 esse
1327 1857 1425 1902 etsi)
1455 1870 1470 1892 ε

123 1903 288 1938 futurum
316 1904 406 1939 esset
430 1904 459 1938 si
485 1908 625 1950 pugnet
644 1908 684 1940 H
707 1905 778 1940 esse
797 1907 1047 1950 pugnaturum
1074 1905 1108 1940 V
1129 1905 1200 1940 esse
1227 1905 1261 1940 se
1287 1910 1473 1950 pugnatu-

124 1962 204 1984 rum
230 1952 268 1986 D
294 1951 460 1986 futurum
486 1952 557 1987 esse
583 1955 835 1998 pugnaturum
862 1953 897 1987 P

219 2004 302 2039 CAP.
328 2005 354 2039 I.
432 2010 473 2040 13
502 2006 688 2041 delectum
714 2006 774 2040 δΡ
841 2010 883 2040 14
898 2005 1099 2051 depromsit,
1124 2005 1277 2040 HGLD
1304 2006 1470 2050 deprom-

125 2050 198 2095 psit:
223 2053 277 2086 ita
302 2056 342 2086 ut
372 2052 417 2097 ps
443 2055 484 2088 in
511 2054 531 2087 l.
559 2065 606 2089 er.
633 2055 680 2088 sit
708 2053 744 2087 P
793 2057 835 2088 15
863 2053 949 2098 [que
982 2052 1132 2088 edocuit
1157 2052 1374 2098 militarem]
1403 2054 1425 2086 δ

125 2102 169 2132 20
197 2110 262 2133 nec
287 2110 361 2134 non
388 2100 499 2135 etiam
528 2114 543 2135 ε
571 2111 638 2135 nec
665 2112 737 2136 non
764 2103 801 2136 et
827 2102 866 2134 H
887 2111 955 2135 nec
979 2111 1053 2135 non
1080 2102 1102 2135 δ
1127 2112 1195 2135 nee
1221 2100 1334 2135 etiam
1364 2101 1398 2134 P

150 2204 184 2239 S.
211 2206 250 2239 L.
348 2210 370 2240 4
392 2206 506 2252 cepit]
535 2208 658 2252 coepit
684 2221 707 2241 α
807 2213 825 2242 7
852 2208 925 2253 tot]
951 2208 1031 2242 toto
1059 2208 1113 2252 Ml
1217 2210 1237 2241 8
1265 2205 1470 2251 interemit]

124 2251 304 2287 interimit
330 2254 379 2288 M
472 2259 514 2289 10
540 2255 685 2290 imbuat
711 2257 749 2288 H
842 2254 1036 2300 secundos]
1070 2255 1130 2289 —us
1151 2255 1185 2288 A
1297 2258 1338 2288 12
1365 2253 1473 2288 intel-

124 2298 234 2345 legit]
262 2301 317 2335 -et
342 2301 387 2335 A'

221 2352 300 2388 CAP.
327 2354 353 2387 I.
434 2358 474 2388 17
503 2354 646 2401 ordine]
677 2354 842 2390 ordinem
869 2356 903 2389 α’

197 2419 371 2444 Vncnrws.
1240 2419 1260 2448 5

1360 1070 1455 1089 debeat
1481 1071 1617 1091 exercitus.
